2972 5120
398 405 652 458 strennuum
677 407 725 458 ιιι.
750 405 794 458 ιν.
1103 387 1165 457 541

40 557 133 622 facere
156 553 359 642 intellegitis,
382 555 439 640 qui
457 577 515 640 pro
534 555 665 638 dactylo
680 575 751 618 esse
764 550 970 640 propmidm)
989 553 1169 620 crediderit.

39 701 74 711 -
97 661 242 729 Ceterum
265 667 352 727 reete
376 665 409 726 et
432 660 551 726 usitate
566 661 745 743 progenies
760 661 855 742 penui
873 659 942 726 sine
960 661 1039 724 mihi
1057 661 1168 726 dativo

38 771 92 836 diei
114 793 180 836 uon
202 773 253 834 cst
275 767 362 853 quod
386 768 520 852 probem
544 767 700 850 pluribus.

115 878 189 942 Alia
217 898 298 961 quae
326 876 359 940 iu
387 879 542 960 promptu
571 877 649 937 suut
675 873 739 938 huc
770 873 966 958 pertinentia
988 875 1169 958 praestabit

36 984 259 1067 inproximam
283 981 506 1066 prooemiaudi
529 979 807 1064 opportunitatem
830 980 964 1046 differre.

490 1251 701 1258 ——-—-——-

379 1502 688 1596 Supplcmeutum
716 1495 815 1600 lV.*)

361 1655 441 1724 (Cum
460 1655 558 1712 tabula
576 1653 830 1726 lithographa“)).

110 1820 137 1886 Ε
161 1819 298 1886 basilica
320 1839 401 1903 quac
424 1819 548 1885 Romae
575 1821 627 1882 est
654 1817 685 1883 S.
703 1817 798 1882 Pauli
820 1817 994 1901 iunctoque
1021 1819 1068 1883 illi
1097 1840 1167 1885 ooe-
1181 1839 1219 1878 ιιι

32 1905 122 1992 noui
143 1949 218 1992 cum
243 1925 299 1990 aui
322 1925 411 1990 utun
433 1925 624 2010 prodierunt
651 1925 691 1990 ιι
715 1925 855 2010 priscam
875 1924 1073 1990 recursem
1096 1947 1168 2010 per·
1259 2011 1264 2018 ,

31 2031 171 2118 tinentes,
194 2055 277 2119 quos
300 2032 400 2098 habes
430 2033 463 2097 in
487 2031 521 2097 C.
539 2031 565 2096 I.
584 2031 619 2096 L.
643 2030 657 2095 1
681 2053 711 2096 n.
734 2031 828 2096 1019.
855 2031 948 2096 1022.
975 2031 1070 2116 1056,
1097 2036 1167 2096 tum

32 2137 162 2204 eiusdem
187 2140 314 2224 generis
338 2161 421 2204 unus
445 2143 503 2204 aut
523 2138 622 2202 latuit
645 2136 750 2202 adhue
771 2141 828 2202 aut
847 2137 962 2202 saltem
986 2137 1018 2202 in
1043 2139 1167 2222 sylloge

31 2240 282 2310 Mommseniana
304 2266 369 2312 uon
394 2246 500 2310 minus
525 2242 727 2308 desideratur
749 2264 846 2327 quam
868 2243 901 2308 in
920 2241 959 2308 N.
980 2243 1022 2308 M.
1040 2243 1167 2310 Nicolai

32 2349 106 2415 libro
130 2375 156 2416 a.
180 2353 268 2418 1815
290 2351 414 2418 Romae
438 2351 526 2416 edito
549 2373 644 2436 quem
668 2348 775 2414 ‘Della
799 2349 932 2417 basilica
955 2350 987 2416 di
1008 2349 1038 2416 S.
1047 2349 1167 2416 Paolo’

31 2455 194 2544 inscripsit.
228 2459 313 2525 Eum
336 2461 438 2544 igitur
460 2459 592 2524 titulum
616 2480 689 2523 cum
713 2457 834 2522 chartis
859 2480 1044 2542 expressum
1068 2457 1167 2522 Hen-

30 2564 124 2629 rious
151 2565 349 2632 Bruuuius
381 2569 492 2632 noster
521 2566 671 2631 Bonnam
702 2565 858 2648 misisset,
890 2563 976 2629 haud
1008 2564 1169 2630 inutiliter

30 2669 78 2734 ille
103 2672 317 2759 lithographo
345 2674 493 2758 exemplo
525 2671 762 2758 repraesentari
793 2671 882 2736 visus
913 2671 1023 2734 estin
1051 2671 1167 2736 horum

31 2773 327 2862 Supplementorom
339 2781 452 2846 tabula
461 2779 508 2845 IV
518 2779 660 2861 [XVIII]
672 2779 731 2844 sub
740 2780 780 2843 A.
803 2777 835 2842 N
837 2799 890 2842 am
905 2779 939 2842 in
953 2779 1165 2843 vetustiorum

29 2881 110 2948 illum
129 2909 266 2953 numero
280 2887 394 2954 haberi
410 2909 481 2953 cum
501 2888 573 2972 ipsa
592 2887 715 2972 speeies
734 2887 920 2952 litterarum
941 2886 1044 2971 iubet,
1067 2885 1166 2952 haud·

30 3010 180 3076 qusquam
200 2993 261 3058 illa
279 2993 420 3062 indolem
435 2995 551 3060 aetatis
567 2995 753 3079 Augusteae
773 3014 851 3078 prae
866 3015 900 3058 se
918 2993 1036 3079 ferens,
1056 3015 1165 3079 quam-

29 3115 115 3176 quam
138 3101 305 3185 ceteroqui
329 3101 461 3166 minime
486 3123 562 3166 saue
583 3101 764 3185 inelegans,
787 3103 857 3164 tum
881 3100 1014 3165 candem
1040 3101 1073 3165 iu
1095 3121 1168 3184 par·

29 3205 86 3268 tem
108 3206 207 3272 etiam
238 3207 356 3272 certius
386 3206 591 3292 antiquitatis
621 3207 772 3272 indicium
801 3207 889 3271 salet
917 3207 1003 3291 quod
1026 3206 1168 3272 cernitur

29 3307 57 3372 iu
74 3311 211 3380 AMIIIC
233 3365 239 3379 .
259 3367 266 3381 .
289 3313 459 3398 scriptura.
489 3303 662 3396 Haberqde
681 3335 719 3377 ea
738 3311 901 3396 scriptura
924 3311 1005 3377 adeo
1028 3312 1166 3378 alterum

30 3420 202 3502 exemplum
227 3420 261 3484 in
284 3441 378 3484 versu
401 3419 519 3504 primo:
548 3419 677 3505 quando
705 3420 813 3504 ectypi
842 3418 1005 3485 chartacei
1028 3419 1166 3506 diligens

30 3520 205 3590 observatio
231 3527 375 3592 litteram
398 3526 620 3610 paenultinam
649 3531 737 3590 certo
761 3525 856 3592 docet
879 3525 907 3591 B
929 3526 1042 3611 fuisse,
1070 3549 1166 3611 quam

29 3629 126 3694 autu
150 3637 209 3696 aut
234 3631 260 3696 L
283 3634 394 3697 secuta
418 3632 469 3696 sit.
510 3631 579 3696 Iam
603 3632 755 3715 quoniam
779 3631 912 3697 GABL
935 3633 1166 3697 elementorum

30 3737 219 3803 consociatio
242 3737 380 3802 latinum
407 3759 526 3802 nornen
549 3737 633 3823 quod
658 3737 797 3804 sciamus
822 3738 948 3803 nullum
972 3739 1167 3824 suppeditat,

29 3839 178 3924 reliquum
203 3845 313 3907 estut
336 3865 355 3909 a
378 3843 496 3908 GABE
524 3844 665 3928 incipere
688 3865 807 3910 nomen
830 3843 976 3910 mulieris
1000 3845 1166 3931 intellega-

29 3947 82 4010 tur.
117 3947 211 4014 Vnde
234 3971 299 4014 non
323 3949 389 4014 alia
411 3949 571 4035 prodeunt
594 3950 657 4014 nisi
676 3949 757 4017 haec
776 3951 963 4017 mutilarum
983 3951 1164 4018 litterarum

31 4055 258 4136 supplements:
305 4069 312 4076 ·

61 4185 232 4196 ———.-

111 4247 137 4316 ⁸)
156 4247 344 4319 [Prooemium
372 4247 474 4304 IndIois
502 4247 662 4304 scholarum
690 4253 858 4306 aestimrum
884 4251 1073 4310 Bonnensium
1100 4253 1167 4310 anni

33 4326 292 4410 cloloccctxlm

94 4423 134 4490 “l
154 4425 277 4496 [Tabula
300 4427 367 4482 olim
389 4427 455 4482 huic
478 4429 708 4486 commentationi
731 4431 840 4488 adnexa
863 4451 936 4488 nuno
959 4434 1011 4488 sub
1034 4452 1060 4490 n.
1075 4435 1167 4492 XVIII

33 4507 126 4568 iterata
143 4519 193 4570 eat.
231 4515 331 4587 C.W.]
