3020 5118
415 405 670 452 couuuursrro
696 405 808 451 aaron.
1124 387 1186 452 uu

65 571 146 634 usque
167 549 206 614 ad
230 571 349 614 annum
373 565 550 616 crorocvrrr
574 546 652 632 (quo
672 549 741 631 ipse
761 547 828 611 rita
846 547 997 632 decessit)
1021 549 1054 612 iu
1074 547 1185 612 eadem

63 681 89 721 re
108 657 320 740 elaboramut,
344 655 437 721 valde
461 656 559 720 dubia
582 655 625 720 sit
647 655 802 738 opinatio.
850 654 916 718 Nec
939 659 1044 718 tamen
1068 655 1102 720 in
1124 654 1186 720 hoc

62 764 177 848 Pighius
201 763 363 846 substitit,
393 785 503 828 vemm
527 763 560 827 iu
583 762 695 827 tabula
718 763 784 828 aeri
808 761 909 826 incisa
933 762 1050 826 adiecit
1073 761 1186 846 ‘ipsius

62 872 178 954 ligurum
200 869 370 934 columnae
399 891 436 933 er
461 869 692 954 antiquitatum
722 869 866 953 reliquiis
890 869 1056 952 eleganter
1077 867 1185 934 admo·

61 978 123 1042 dum
149 977 270 1041 Romae
298 977 508 1058 delineatam,
541 981 574 1042 et
605 975 781 1042 Aurourr
817 976 998 1041 Laranur
1030 997 1088 1040 nec
1122 997 1186 1040 non

61 1083 326 1150 Tarnazluoavrt
354 1085 491 1149 fratrum
518 1083 650 1148 formeis
681 1081 812 1147 aheneis
842 1081 1068 1166 publicatam’:
1105 1105 1187 1168 quae

60 1193 149 1277 figora
179 1193 342 1277 integrum
374 1191 504 1256 titulum
538 1191 571 1254 in
599 1189 768 1254 columnae
797 1189 867 1254 basi
896 1189 1111 1274 perscriptum
1140 1211 1186 1254 re·

61 1302 241 1382 praesentat,
264 1320 330 1362 non
349 1298 417 1362 sine
435 1297 549 1382 paucis
569 1295 760 1382 quibusdam
779 1295 1020 1362 aFlorentiano
1040 1297 1187 1381 exemplo

60 1405 270 1490 discrepantiis
295 1405 501 1490 quantumvis
531 1403 578 1468 eis
603 1403 734 1468 levibus.
782 1401 843 1466 Sed
868 1425 930 1488 quo
954 1425 1039 1468 anno
1062 1403 1187 1470 Lalreri

60 1511 126 1576 illud
162 1513 334 1578 artificium
372 1511 495 1578 Romu
532 1509 702 1596 prodierit,
740 1509 982 1593 incompertum.
1038 1510 1187 1574 Getarum

61 1619 240 1704 Pighianum
273 1619 454 1704 exemplum
488 1618 521 1683 in
553 1641 611 1682 sua
640 1616 730 1681 Flori
759 1615 898 1680 editione
927 1641 954 1680 a.
979 1635 1186 1682 t‘rorocnxxx

59 1725 234 1812 Georgius
258 1725 448 1792 Graevius
472 1725 612 1790 iteravit.

136 1831 206 1898 Suis
231 1833 334 1898 oculis
358 1855 467 1898 recens
495 1837 657 1918 repertum
687 1831 827 1915 lapidem
857 1831 996 1896 lustrare
1019 1831 1188 1896 etiamtum

59 1941 153 2024 potuit
169 1942 406 2006 Ouvsnarvs
430 1941 674 2023 Passerinus,
697 1939 751 2024 qui
771 1961 855 2004 anno
879 1955 1081 2005 ororonxvur
1104 1937 1189 2002 diem

59 2071 229 2131 supremum
248 2049 340 2114 obiit.
373 2049 574 2133 Quamquam
594 2047 627 2112 iu
651 2047 734 2112 hanc
754 2049 880 2132 partem
900 2045 980 2110 nihil
1004 2045 1093 2110 illinc
1117 2067 1189 2109 con·

59 2156 244 2238 cludendum,
267 2155 352 2240 quod
372 2156 498 2240 similis,
518 2155 572 2220 sed
596 2155 845 2240 haudquaquam
868 2173 1012 2238 congrua
1030 2153 1189 2216 Latreria·

59 2283 112 2328 uae
131 2264 296 2328 columnae
320 2263 429 2347 imago
453 2283 526 2327 aere
551 2283 716 2346 expressa,
746 2283 818 2326 cum
847 2260 1056 2345 inscriptione
1080 2263 1188 2324 tamen

60 2391 114 2432 uon
135 2371 166 2433 in
189 2370 274 2453 basi,
302 2392 413 2434 serum
437 2370 469 2434 in
494 2369 649 2454 singulari
673 2369 804 2432 tessella
825 2368 994 2433 conlocata
1017 2365 1190 2450 eademque

60 2477 277 2560 supplementis
301 2481 409 2562 aucta,
435 2497 549 2560 reapse
573 2475 699 2540 adiecta
722 2479 772 2538 est
791 2473 939 2538 Panvinii
963 2473 1001 2536 de
1025 2473 1218 2556 triumphos

61 2581 133 2646 libro
155 2584 187 2647 in
209 2583 367 2648 Graevii
391 2581 557 2648 Thesauro
582 2583 681 2667 antiq.
702 2583 795 2648 Rom.
817 2586 839 2648 t
859 2581 904 2647 IX
929 2605 958 2666 p.
981 2583 1073 2646 1384.
1106 2579 1191 2645 Nam

61 2707 109 2751 nec
129 2689 160 2754 in
183 2691 254 2774 ipso
278 2689 427 2754 Panvinii
452 2689 684 2756 commentario
714 2689 779 2754 ulla
806 2689 929 2752 mentio
953 2689 991 2752 lit
1014 2687 1099 2752 illius
1123 2709 1191 2752 mo-

61 2796 205 2880 numenti,
227 2817 287 2860 neo
310 2795 524 2880 potuit'lieri,
552 2797 666 2881 utqui
690 2797 754 2861 iam
779 2817 864 2860 anno
889 2811 1069 2876 crolunvn,
1093 2816 1190 2879 quan·

62 2907 119 2965 tum
145 2925 180 2967 er
208 2903 323 2968 Eberti
352 2903 455 2968 lexico
484 2903 653 2989 intellego,
686 2901 833 2968 Venetiia
862 2905 948 2966 esset
977 2901 1064 2964 toras
1087 2900 1191 2966 datus.

63 3007 141 3073 l'ude
164 3032 235 3075 cum
259 3011 293 3073 in
317 3015 469 3094 promptu
494 3011 537 3074 sit
560 3011 704 3075 conicere
734 3011 766 3074 in
791 3009 1005 3093 posteriorum
1036 3029 1100 3072 uua
1127 3005 1190 3070 edi-

64 3111 187 3202 tidnum,
220 3139 303 3202 quae
330 3123 405 3202 post
432 3122 569 3184 mortem
599 3117 745 3182 Panvinii
775 3121 907 3200 paratae
936 3121 1024 3198 sunt,
1056 3117 1191 3199 ligurum

64 3223 138 3288 illam
161 3247 294 3290 aeneam
318 3225 490 3290 accessisse
510 3225 652 3310 demum,
675 3229 745 3290 tum
764 3224 872 3289 nescio
896 3247 937 3290 au
962 3223 992 3288 id
1018 3223 1083 3286 iam
1108 3243 1192 3286 auno

66 3347 228 3398 (frolouxxr
258 3333 379 3396 lactum
413 3332 457 3396 sit
483 3331 516 3396 iu
540 3330 668 3397 Veneta
698 3331 756 3395 illa
787 3353 884 3415 quam
918 3329 1075 3414 prodiisse
1109 3328 1192 3394 ‘curn

66 3436 160 3522 figuris
188 3437 308 3504 aeneis'
337 3438 487 3504 Madame
516 3439 549 3503 in
577 3440 644 3504 suis
668 3439 706 3503 ad
731 3439 924 3502 Pauviuium
958 3436 1043 3502 uotis
1066 3435 1191 3520 (Helm-

67 3545 146 3609 stadii
178 3569 205 3610 a.
229 3563 438 3612 crorocuxxv
467 3545 609 3630 emissis)
641 3549 792 3610 testatur:
825 3549 863 3608 ut
892 3546 941 3609 vel
969 3544 1044 3609 hiuc
1074 3543 1124 3608 vel
1155 3565 1192 3605 ex

68 3649 159 3736 aliqua
187 3652 365 3736 posteriore
398 3651 488 3738 (uam
521 3653 619 3716 etiam
648 3651 807 3716 Venetam
843 3651 920 3715 anni
950 3667 1078 3732 (ποιοῦ,
1116 3649 1193 3713 item

68 3761 127 3824 anni
145 3777 346 3826 crorocxvm
364 3759 552 3842 Romanam,
572 3757 786 3842 ‘Amplissimi
802 3757 1064 3840 ornatissimique
1082 3755 1193 3820 trium-

68 3863 111 3946 phi
132 3889 168 3931 er
192 3867 409 3932 monumentis
433 3864 619 3950 ‹losoriptio'
647 3865 851 3950 inscriptam,
881 3863 1125 3930 commemorari
1149 3863 1193 3928 vi·

68 3969 126 4058 deo)
149 3974 281 4058 petiisse
305 3973 462 4038 Graevius
485 3972 646 4058 putandus
670 3971 722 4036 sit
765 3970 888 4036 Verum
912 3971 997 4035 enirn
1021 3993 1097 4034 sero
1121 3993 1193 4035 curu

68 4075 91 4140 iu
111 4103 146 4144 ea
162 4081 276 4145 tabula
295 4079 514 4164 inscriptionis
533 4079 663 4164 quidem
683 4079 785 4163 ipsius
805 4078 987 4162 exemplum
1007 4083 1074 4142 tarn
1094 4101 1194 4162 prope

71 4187 180 4252 accedat
209 4187 249 4252 ad
277 4185 429 4270 Pighiani
458 4183 701 4270 Lalrerianique
734 4185 886 4268 speeiem,
924 4188 960 4247 ut
988 4207 1004 4246 o
1033 4185 1193 4250 communi

71 4289 143 4356 lonte
165 4295 308 4378 prolecta
326 4315 396 4358 esee
416 4294 509 4358 facile
528 4293 708 4374 videantur,
729 4292 919 4356 lacunarum
939 4295 1047 4356 auteur
1068 4293 1193 4376 srrpple·

73 4403 162 4464 menta
183 4399 214 4466 et
236 4384 406 4488 Pighiania
430 4404 463 4466 et
486 4399 601 4464 ceteris
630 4422 711 4483 quae
736 4403 811 4463 sunt
839 4403 914 4484 post
935 4399 1022 4465 lacta
1045 4399 1194 4465 omuibus

74 4499 265 4574 dissimillima
292 4509 372 4594 sint,
405 4508 552 4592 proximo
585 4511 693 4572 autem
722 4507 850 4572 saeculo
878 4507 911 4572 in
939 4504 1193 4572 reconcinnando
