3040 5122
449 389 598 436 nrnvnvs
623 387 843 436 avarionus.
1149 369 1208 430 111

128 531 208 594 dolo
237 531 324 598 malo
353 533 536 616 suppletam
569 531 740 614 intellegat
769 535 801 594 et
830 529 871 592 ab
895 529 966 611 ipso
989 525 1122 592 falsario
1148 548 1213 591 non

110 659 151 700 uu
186 643 314 702 tantum
338 637 492 722 formem,
515 635 583 722 'pro
610 660 675 724 qua
703 634 864 714 QVIBVS
893 636 991 700 etiam
1015 632 1213 698 Muratorins

71 747 209 808 astatur
238 767 266 828 p.
297 745 391 830 1773,
420 747 455 828 8,
488 745 544 809 scd
571 745 675 810 multo
704 744 808 828 magis
836 741 1020 808 mirabilem
1048 737 1213 806 VIVOVS

68 853 302 918 nominativum
325 852 455 917 illatum
482 851 545 918 sibi
577 851 778 935 persuadeat.
819 849 920 914 Porro
949 847 1079 914 SEINE
1108 845 1214 911 editur

67 959 197 1043 quidem
221 961 256 1024 in
278 959 352 1044 lege
374 959 413 1024 de
431 959 616 1042 repetundis
636 981 665 1042 p.
684 959 727 1023 63
746 957 885 1043 exempli
905 955 1082 1040 Klenziani‚
1100 976 1213 1020 verum

67 1067 159 1131 inea
191 1067 323 1132 tabulae
351 1071 444 1150 parte
468 1067 546 1131 olim
570 1065 638 1130 sive
662 1063 812 1130 Parisino
839 1065 906 1130 sive
935 1061 1213 1129 Bellolontanenai

67 1170 154 1240 (xlv
188 1171 276 1260 Vre.)
304 1193 388 1237 nuno
416 1171 598 1257 deperdita,
625 1195 722 1258 quam
750 1176 825 1256 post
848 1171 960 1238 Vrsini
988 1169 1213 1254 apographum

67 1301 159 1345 nemo
191 1283 320 1364 praeter
350 1279 531 1344 levissimae
555 1277 673 1344 indolis
697 1277 862 1345 hominem
886 1277 1094 1344 Boissardum
1118 1277 1214 1341 vidit:

67 1407 143 1468 qnae
183 1385 256 1470 ipsa
287 1407 362 1470 pars
395 1385 461 1450 alia
492 1385 592 1450 habat
624 1407 721 1472 quam
754 1386 894 1451 maxime
927 1391 1092 1470 suspecte,
1124 1386 1214 1450 velut

67 1491 154 1557 HAG
187 1513 247 1576 pro
274 1491 391 1557 HACE
421 1515 519 1576 supra
545 1497 704 1556 notatum.
746 1491 818 1556 lure
847 1495 954 1556 aulem
978 1491 1158 1578 meritoque
1181 1496 1214 1557 et

68 1597 164 1662 u'fflT
182 1599 337 1681 scriptum
358 1603 409 1663 est
430 1599 463 1662 in
483 1599 555 1682 lege
569 1599 631 1663 vici
649 1597 815 1664 Furlentis
836 1595 880 1683 (n.
900 1597 986 1662 2488
1006 1597 1059 1662 Or.
1071 1581 1126 1679 β.
1140 1599 1165 1666 Ι.
1179 1597 1213 1664 1..

66 1701 131 1769 lm
157 1704 256 1788 603])
279 1709 312 1768 et
340 1705 373 1770 iu
392 1705 450 1770 SC.
468 1705 506 1770 de
526 1703 643 1772 Bacan.
667 1705 892 1788 POSEDEIT,
916 1705 1011 1788 plane
1034 1711 1072 1771 ut
1094 1705 1239 1770 REM·-

68 1811 138 1876 ElT
161 1812 197 1876 in
215 1818 345 1877 nostrae
365 1811 544 1877 Vatieauae
563 1835 591 1877 v.
609 1814 630 1876 4
650 1817 682 1876 ct
702 1813 873 1877 verborum
892 1811 1037 1897 perlecta
1055 1811 1095 1876 ad
1115 1835 1212 1878 uuum

69 1917 188 1984 omnia
233 1917 301 1984 Nec
324 1917 444 1984 ΤΙΒΕΙ
474 1917 587 1984 SlBEI
610 1919 752 2004 dativus,
780 1919 835 2004 qui
863 1918 1006 1984 iambum
1030 1921 1214 2004 aequabant

72 2025 252 2108 antiquitus
275 2031 312 2090 ut
335 2024 425 2090 ΙΒΕΙ
449 2024 554 2089 VBEl
579 2023 705 2109 NISEI,
727 2025 816 2090 nullo
841 2025 935 2090 modo
960 2025 1140 2090 mirandum
1164 2031 1214 2092 est

71 2131 270 2217 aliquamdiu
302 2153 373 2196 eam
407 2131 599 2216 scripturam
633 2153 779 2197 servasse
812 2134 910 2198 etiam
943 2138 1019 2218 post
1051 2135 1214 2200 attenuari

72 2243 219 2324 coeptam
248 2237 283 2303 in
310 2237 489 2323 pyrrhichii
513 2239 643 2304 modum
668 2240 976 2322 pronuntiationem.
1017 2237 1110 2304 Vnde
1128 2247 1214 2306 recte

73 2367 140 2410 cum
165 2345 205 2412 de
233 2346 337 2430 primo
361 2367 455 2410 versu
483 2345 615 2410 Reatini
638 2345 757 2428 lapidis
784 2345 993 2429 iudicabitur,
1020 2346 1141 2430 inquo
1164 2353 1298 2412 estxvrr

73 2453 167 2516 amtor
191 2453 271 2517 hirei
292 2452 420 2536 hidria,
451 2457 521 2516 tum
547 2451 585 2516 de
608 2451 670 2516 hoo
693 2451 728 2516 in
752 2451 913 2536 Scipionis
938 2450 1078 2535 Hispani
1102 2453 1215 2520 titulo:

75 2575 256 2641 Maiarum
278 2577 439 2660 optcnui
466 2575 615 2642 laudem
634 2581 676 2640 ut
695 2575 796 2642 sibei
815 2598 871 2642 me
889 2597 976 2642 esse
996 2577 1214 2665 creatum.*)

162 2697 247 2766 Satis
273 2701 453 2784 expediisse
481 2700 611 2786 singula
634 2701 757 2785 videor,
786 2707 822 2765 ut
849 2699 914 2764 iam
938 2699 1040 2766 totius
1064 2703 1213 2768 carminis

76 2803 157 2870 hano
174 2807 311 2890 speeiem
335 2805 560 2874 commendere
582 2808 694 2873 liceat:

372 2931 554 2997 Hercules
576 2939 724 3016 sancte,

121 3035 171 3102 De
192 3039 347 3104 decuma
371 3039 497 3104 uictor
519 3039 616 3106 tibei
640 3039 778 3106 Lucius
801 3037 966 3104 Mumius
990 3038 1127 3104 donum

122 3142 292 3212 Moribus
317 3146 512 3232 autiqucis
536 3169 604 3232 pro
628 3169 742 3212 usura
766 3145 836 3228 hoo,
858 3147 953 3228 quod
974 3145 1065 3210 dare
1088 3166 1172 3210 sese

124 3247 250 3316 Visum
271 3251 398 3317 animo
418 3275 499 3336 suo,
517 3252 699 3337 perfecit:
723 3257 789 3316 tua
808 3273 899 3336 pace
919 3273 1062 3338 rogans
1081 3257 1133 3336 te,

126 3351 311 3442 Cogendei
335 3357 599 3422 dissoluendei
623 3363 663 3422 tu
687 3361 728 3422 ul
751 3358 888 3424 sicilia
915 3358 1074 3441 laxseis,

126 3459 309 3530 Perficias
333 3463 528 3530 decumam
553 3471 593 3528 ut
616 3464 740 3530 faeiat
764 3487 878 3531 uerae
901 3464 1083 3548 rationis,

127 3567 265 3656 Proque
292 3570 365 3636 hoo
388 3570 509 3654 adque
538 3571 653 3634 alieis
677 3571 787 3636 donis
811 3571 878 3636 des
901 3571 1018 3656 digna
1041 3571 1216 3636 merenti.
1253 3611 1257 3622 ι

90 3687 145 3756 Vbi
164 3695 257 3778 adquae
278 3699 316 3760 ut
340 3695 522 3777 scriberem,
546 3717 610 3758 non
635 3693 765 3760 Grutcri
790 3695 898 3780 potius
922 3696 972 3760 vel
996 3693 1121 3758 Metelli
1146 3717 1217 3758 auc·

93 3799 201 3866 orati
223 3802 306 3884 dedi,
335 3823 432 3886 quam
462 3801 525 3866 hue
554 3801 720 3866 accedenti
747 3802 821 3866 Aldi
850 3801 1039 3866 testimonio
1068 3797 1215 3874 Acovu

92 3905 247 3984 prodentis.
291 3908 482 3993 Numquae
510 3915 680 3993 praeterea
708 3930 725 3974 e
750 3907 924 3973 lletellana
952 3905 1153 3990 supellectile
1182 3907 1216 3972 in

95 4007 206 4078 Gruteri
227 4015 409 4101 exemplum
433 4016 600 4098 transiere,
624 4017 732 4081 rhcrae
756 4015 865 4080 sordes
889 4018 974 4092 sunt,
998 4015 1050 4080 vix
1070 4014 1128 4078 illa
1147 4014 1215 4099 plu·

96 4115 130 4179 n's
152 4117 293 4186 habenda
323 4145 421 4207 quam
455 4143 473 4186 e
500 4121 667 4187 Boissardi
696 4123 886 4188 commentis
919 4127 1071 4207 excerpta
1099 4123 1132 4186 iu
1160 4121 1215 4186 ad·

98 4226 249 4293 notatione.
294 4227 438 4344 Ab'uno
466 4233 574 4294 autem
598 4229 778 4294 Muratorio
806 4229 951 4294 additum
974 4253 1003 4295 v.
1026 4229 1047 4294 4
1071 4227 1127 4294 AC
1150 4251 1216 4294 non

168 4399 190 4468 ‘l
209 4401 294 4473 [llaec
312 4403 468 4458 secuntias
487 4404 649 4474 explanarit
667 4407 696 4460 et
714 4405 878 4460 retractavit
892 4403 1059 4459 llitocheliue
1078 4403 1107 4458 in
1127 4401 1215 4457 Musei

102 4477 170 4540 llllen
185 4491 203 4544 t
221 4489 284 4545 Vlll
302 4509 328 4560 p.
347 4497 398 4546 487
418 4509 479 4560 sqq.
500 4515 533 4536 -
549 4493 650 4564 Opuec.
666 4493 691 4546 ll
710 4511 736 4562 p.
756 4499 806 4547 63²2
826 4511 885 4562 sqq.
923 4493 951 4547 C.
972 4493 1030 4562 W.]
