3020 5118
321 343 386 406 202
466 358 615 406 Tirinus
640 358 830 406 oonvnuun
855 357 1061 406 noseuunun
1084 358 1318 408 ni‘nnnnuin.

321 502 660 587 Reguquueeius
679 502 1448 582 iuiuuariomero-fructumetsutdeluuiest

321 609 414 675 Eius
438 610 493 674 rei
518 631 609 695 ergo
633 611 762 674 aedem
785 609 948 674 luiribus
975 647 995 654 -
1019 608 1252 692 permarinis
1276 611 1387 676 uouit

409 735 514 800 Versu
538 735 558 797 2
586 754 680 798 ceusu
704 757 761 817 pro
791 740 883 816 copul
910 733 1177 799 Drakenborehio
1212 735 1349 800 debetur

320 843 359 908 V.
378 844 398 908 3
416 845 557 926 puaetori
584 842 764 907 addendum
793 847 864 907 erut
891 865 963 906 eum
989 841 1137 927 Sigeum,
1163 865 1228 908 non
1251 843 1371 926 Repello
1392 865 1450 906 eun

320 950 488 1015 Perizonio
588 949 626 1013 V.
646 951 665 1014 6
690 949 821 1014 Sunium
840 950 1012 1032 Chiumque
1034 950 1119 1014 idem
1139 947 1293 1034 Sigonius
1317 951 1451 1034 repperit

321 1058 443 1121 Ibidem
467 1079 516 1123 eos
537 1057 674 1140 litteras
698 1058 781 1121 unde
806 1059 954 1122 effectum
974 1081 994 1122 a
1007 1057 1123 1123 Fulvio
1137 1056 1257 1122 Vrsino
1279 1078 1331 1123 eos
1352 1079 1451 1142 parum
1499 1083 1500 1086 ¹

320 1169 433 1247 aptum
457 1170 519 1249 est,
543 1165 739 1248 interpretor
762 1187 800 1229 ex
823 1186 907 1247 eopse
929 1164 1034 1229 forma
1055 1165 1193 1246 relictas,
1216 1164 1266 1228 eui
1285 1164 1452 1247 explicandi

320 1293 417 1335 eausa
437 1271 612 1354 ascriptum
631 1274 695 1353 ipso
715 1271 811 1336 simul
830 1273 966 1356 inrepsit
1064 1270 1138 1336 Vs(
1163 1271 1241 1338 Cum
1260 1270 1452 1335 Hermsnnns

321 1376 453 1443 addidit.
503 1377 669 1442 Pertinent
701 1384 808 1445 autem
841 1380 921 1444 haee
953 1401 1021 1444 oum
1045 1432 1052 1445 .
1073 1431 1079 1443 .
1099 1431 1105 1444 .
1125 1379 1334 1462 „eliphan-lis
1351 1379 1389 1443 ad
1415 1379 1451 1440 iu-

319 1489 468 1566 spoeluute
491 1485 658 1550 Antiocho:
688 1509 769 1570 quae
798 1509 870 1551 eum
899 1487 938 1550 ed
970 1509 1008 1550 ea
1031 1509 1112 1572 quae
1136 1475 1353 1570 insequuntur
1375 1484 1450 1569 Sigo-

320 1592 394 1655 nius
417 1591 565 1674 referret,
595 1593 744 1676 expedire
772 1617 837 1658 non
865 1594 972 1676 potuit
1085 1591 1123 1658 V.
1147 1595 1166 1658 8
1190 1594 1306 1658 utiliori
1333 1595 1452 1657 unleusir

321 1700 402 1763 uiola
425 1699 666 1783 dittographiae
691 1701 790 1765 errori
815 1701 937 1765 tribuo:
962 1723 1044 1785 quae
1062 1698 1227 1786 (similiter
1249 1705 1347 1785 atque
1369 1721 1451 1782 supra

318 1827 367 1870 eos
392 1804 469 1892 ipso)
498 1805 571 1869 inde
594 1805 682 1868 nasei
707 1808 815 1888 potuit
838 1807 938 1890 quod,
967 1830 1038 1871 oum
1064 1807 1178 1871 vitiose
1202 1807 1359 1891 seriptum
1382 1813 1452 1869 esset

318 1914 466 1990 (intensio,
498 1913 560 1977 hoc
592 1918 700 1977 autem
733 1936 806 1977 vere
839 1917 1031 1996 correctum,
1067 1914 1257 1978 servabatur
1286 1917 1450 1998 utrumque.

321 2019 453 2102 Alioqui
476 2042 542 2084 non
566 2021 673 2104 inepte
698 2021 827 2104 quidem
846 2020 1050 2085 Hermannus
1070 2021 1218 2085 Antiochi
1241 2022 1366 2086 iuee'usu
1384 2024 1450 2084 uide

279 2140 305 2176 ‘2³
317 2126 391 2206 seluo
416 2125 483 2189 uisu
506 2127 615 2208 stipula
639 2134 694 2209 eol,
719 2127 775 2191 sed
796 2133 918 2205 tamen,
942 2129 969 2190 si
993 2127 1069 2211 quid
1093 2127 1199 2210 video,
1223 2149 1263 2191 ne
1287 2130 1367 2192 satis
1389 2133 1450 2211 aple

319 2232 448 2315 quidem
547 2234 585 2298 V.
609 2239 648 2299 10
680 2235 789 2298 XLII
808 2235 949 2298 numeris
973 2257 1031 2317 pro
1055 2233 1164 2297 LXII
1184 2232 1369 2298 substitutis
1391 2257 1448 2297 oon

319 2337 453 2423 Sigouio
477 2340 577 2403 malui
601 2340 641 2404 ud
666 2340 786 2404 eodieis
810 2341 906 2404 fidem
930 2362 1031 2424 prope
1054 2340 1218 2423 accedere,
1247 2363 1344 2424 quam
1367 2342 1449 2405 lieen-

319 2445 382 2509 tius
408 2447 543 2510 mutatis
568 2447 630 2511 (luo
655 2447 848 2511 amissarum
866 2448 998 2511 nuvium
1022 2467 1142 2531 genera
1161 2446 1207 2509 sie
1226 2446 1449 2511 discriminare:

381 2571 528 2655 Captae
551 2572 666 2636 decem
690 2577 775 2653 tros,
799 2574 937 2636 euersae
959 2609 979 2616 -
1002 2572 1089 2635 sitiet
1112 2571 1237 2636 uenerem
1261 2573 1399 2655 uipiuli

317 2695 400 2780 (sive
416 2695 534 2778 Copiae
547 2704 621 2762 siluit
644 2699 703 2762 lre's
721 2699 828 2780 (luceru,
853 2699 985 2761 iuer-sues
1001 2697 1107 2760 iioieeui
1127 2697 1241 2778 uipiuli
1259 2696 1446 2779 praetuleris

317 2807 446 2867 auctore
475 2803 603 2886 quidem
632 2804 738 2888 Livio,
770 2805 824 2887 qui
852 2805 872 2868 l.
896 2802 1054 2867 XXXVII
1085 2826 1110 2866 o.
1130 2803 1172 2866 30
1196 2785 1395 2887 ‘capessans'
1409 2804 1445 2866 in·

317 2910 387 2992 quit
411 2909 535 2992 ‘fugam
559 2911 776 2994 quadraginta
799 2910 922 2975 duabus
946 2909 1083 2973 nauibus
1111 2909 1145 2972 iu
1174 2933 1212 2974 ea
1234 2932 1344 2995 pugne
1365 2910 1445 2974 omis·

317 3017 370 3098 sis,
395 3039 528 3099 quarum
553 3017 662 3081 deeein
686 3021 751 3080 tres
776 3022 890 3099 eaptao
920 3017 950 3080 in
980 3021 1176 3099 potestatem
1200 3017 1343 3082 hostium
1366 3036 1443 3080 neue-

318 3127 405 3205 runt,
433 3127 558 3189 ceterae
591 3125 770 3187 incensae
804 3126 869 3188 aut
897 3122 1115 3187 demersae?
1161 3123 1332 3208 Equibus
1355 3123 1443 3188 verbis
1496 3123 1497 3156 ³

316 3229 378 3292 uisi
403 3230 542 3313 pendere
567 3231 767 3314 maluissem,
791 3234 961 3313 potueram
986 3230 1083 3293 etiarn

383 3353 528 3436 Captae
551 3362 637 3419 Serui
658 3357 723 3418 uu‘t
745 3357 927 3419 ‹leiue'rsuu
945 3393 966 3400 ÷
985 3356 1080 3419 delae
1105 3355 1366 3440 quadriginta

316 3479 364 3540 vel
381 3479 499 3559 l'uplue'
519 3480 566 3544 uel
584 3481 736 3544 (defiuitione
759 3481 879 3544 omisso
898 3486 983 3562 siud,
1006 3481 1055 3543 vel
1071 3479 1190 3561 (ἥμισύ
1206 3482 1253 3544 uel
1274 3481 1414 3544 ‹leiiusruu
1426 3513 1440 3518 -

315 3586 394 3649 ‹leieu’
416 3587 623 3669 pieudulpiuui
649 3593 722 3650 suin
755 3588 802 3649 vel
831 3588 903 3651 seuit
930 3587 1139 3669 pruzi-eruption
1166 3589 1245 3651 elieue
1272 3587 1322 3650 vol
1345 3585 1436 3665 euple

314 3699 387 3758 ueni
410 3695 461 3758 iusi
484 3696 671 3758 ‹le'iuer-sue'
689 3694 896 3775 peruuliupiulei
923 3695 1002 3757 ‹lieue
1031 3694 1080 3756 vel
1110 3694 1136 3756 si
1165 3715 1246 3776 quos
1275 3694 1353 3758 ulios
1377 3711 1438 3753 eon·

316 3801 474 3866 formandi
504 3801 615 3864 modos
647 3801 815 3883 multiplex
845 3801 941 3864 huius
974 3799 1102 3884 generis
1136 3799 1276 3864 varietas
1308 3795 1439 3864 admittit.

315 3907 398 3971 Nam
423 3909 461 3971 de
485 3909 563 3971 illiue
593 3908 679 3971 voeis
704 3929 854 3970 mensure
883 3907 1108 3990 monosyllaba
1131 3905 1182 3990 (ut
1205 3931 1232 3970 v.
1251 3907 1271 3970 9
1294 3907 1351 3988 elie)
1371 3903 1437 3966 solis

315 4037 332 4076 e
352 4013 466 4078 Plauto
486 4021 615 4079 eouslat
692 4014 731 4078 V.
750 4016 786 4077 11
805 4037 851 4096 sq.
877 4018 986 4077 vastus
1012 4015 1191 4079 sententiae
1216 4019 1436 4092 iuuentaeque

315 4119 423 4183 hiatus
448 4122 531 4204 quod
556 4122 606 4185 liis
631 4123 737 4186 verbis
768 4121 888 4205 expleri
917 4143 1011 4203 posse
1041 4144 1113 4184 eum
1138 4121 1258 4186 Vrsino
1285 4125 1350 4184 tuni
1370 4114 1436 4180 Her·

316 4249 433 4290 manno
457 4229 543 4291 visus
567 4237 629 4292 est:

382 4350 435 4413 Eu
459 4357 585 4436 pdgna
608 4358 780 4436 pugnate
807 4377 868 4417 rex
888 4391 908 4398 —
927 4350 1155 4417 'Autioeliils
1181 4358 1396 4437 regnumque

384 4459 475 4526 Eius
499 4463 533 4521 iu
553 4463 771 4542 polesleileru
790 4463 960 4544 populi-
981 4461 1140 4524 lloruuui
1162 4461 1355 4524 reductum:
