3020 5118
312 258 374 321 166
590 273 810 320 noxvnnnrx
836 272 1073 319 nr-’ruuxxmcx
1096 273 1188 319 rnre.

308 417 508 500 geminatum
528 419 603 498 post
623 438 741 479 annum
764 415 883 500 620*);
903 419 1090 479 constanter
1109 415 1309 500 geminatum
1327 416 1432 498 paneis·

309 522 400 585 simis
424 522 564 605 exeeptis
589 521 775 585 vetustioris
801 522 900 585 nroris
929 521 1073 605 reliquiis
1097 520 1208 605 paullo
1237 525 1312 604 post
1333 543 1433 585 aunum

309 630 382 693 640.
429 629 473 693 Et
506 629 628 711 primae
664 628 793 712 quidem
828 629 944 692 aetatis
978 629 1141 712 singulare
1166 628 1344 710 exemplum
1368 627 1433 690 illud

201 817 206 829 ¹
309 733 452 798 INNAD
477 735 548 798 (lico
570 735 692 799 Itomae
712 735 907 818 insculptum
929 733 1266 815 an110540[c.1.n.
1290 733 1304 798 l
1327 757 1355 798 n.
1371 735 1435 814 5303

309 841 363 925 VI,
390 845 403 905 1
436 865 467 906 n.
500 844 612 922 128sp
641 842 725 925 quod
756 864 828 904 curn
858 842 935 906 olim
964 841 1205 906 addubitassern
1236 841 1300 921 [tit.
1323 839 1436 904 Munna

309 972 338 1031 p.
362 948 419 1031 IV,
443 971 541 1031 supra
563 971 593 1030 p.
618 949 690 1030 88],
719 952 793 1031 post
816 949 962 1013 intellexi
986 949 1119 1014 eandem
1144 971 1163 1012 a
1185 969 1303 1032 graeco
1326 948 1436 1012 nomine

308 1056 436 1120 veniam
475 1052 656 1140 habere**)
691 1077 787 1138 quam
819 1055 854 1118 in
887 1056 950 1120 alio
989 1078 1105 1141 genere
1142 1059 1297 1139 vergente
1329 1055 1435 1119 saeculo

309 1167 400 1226 sexto
430 1159 479 1241 [O.
508 1160 532 1225 l.
561 1161 595 1224 L.
627 1159 641 1222 l
674 1184 704 1224 n.
734 1162 789 1242 353
821 1161 855 1225 P.
879 1161 914 1226 L.
938 1162 980 1226 M.
1003 1163 1041 1226 E.
1070 1165 1135 1228 tab.
1164 1162 1221 1226 XL
1246 1163 1291 1242 G]
1320 1163 1435 1226 ineisun

309 1266 504 1332 ANTIOCO
529 1267 559 1330 h.
583 1289 608 1333 e.
630 1268 803 1350 Anltocum,
827 1269 877 1332 vel
902 1292 985 1333 anno
1010 1270 1089 1333 adeo
1110 1270 1174 1334 662
1193 1267 1435 1334 ARCHELAos

296 1375 342 1459 in
369 1373 477 1437 Athoo
503 1374 599 1438 titulo
624 1395 717 1457 quem
742 1397 845 1457 nuper
870 1376 922 1456 [de
946 1377 1011 1440 mil.
1031 1376 1108 1461 Pop.
1139 1378 1241 1460 deque
1265 1357 1364 1460 epigr.
1385 1373 1437 1438 Sor.

309 1504 339 1564 p.
356 1481 397 1544 28
419 1477 531 1563 (supra
555 1503 586 1563 p.
604 1478 695 1563 149)]
716 1480 889 1563 publicavi,
913 1485 1084 1566 postquam
1105 1484 1168 1547 iam
1188 1487 1326 1547 exeunte
1343 1482 1436 1567 quinto

310 1588 438 1651 saeculo
463 1587 489 1650 (l
519 1588 647 1651 litterae
680 1586 713 1649 in
748 1586 849 1649 altera
878 1586 1092 1652 declinatione
1120 1612 1196 1652 usus
1226 1587 1426 1652 desierat.***

312 1693 462 1760 Ceterum
488 1693 652 1777 singulare
671 1691 814 1755 lNNAD
835 1693 914 1756 illud
939 1693 1015 1774 dixi,
1039 1695 1123 1778 quod
1147 1694 1185 1758 de
1205 1695 1331 1760 SEFFI
1352 1695 1436 1760 torna

311 1801 345 1863 in
368 1800 509 1863 mirabili
541 1801 598 1863 illa
627 1799 745 1863 codicis
770 1798 910 1862 Gudiani
938 1799 1163 1885 inscriptione,
1192 1787 1296 1887 qnam'
1317 1803 1350 1868 in
1370 1801 1437 1865 libro

274 1925 294 1962 v
311 1907 349 1970 de
373 1906 518 1970 dialectis
541 1929 572 1988 p.
600 1907 664 1969 364
693 1905 913 1970 Mommsenus
942 1909 1066 1991 posuit,
1095 1911 1192 1974 nimis
1219 1910 1374 1974 incertum
1400 1915 1436 1970 est

312 2012 474 2075 iudicium.
522 2010 667 2075 Secunda
697 2017 804 2075 autern
834 2018 925 2078 aetas
956 2037 1027 2079 eum
1061 2039 1079 2080 a
1104 2018 1207 2099 prima
1231 2015 1436 2082 invalescentis

312 2118 517 2182 auctoritatis
541 2117 710 2182 Ennianae
740 2119 922 2185 discrimine
947 2121 1154 2204 distineatur,
1177 2147 1243 2188 non
1268 2147 1338 2188 esse
1359 2121 1437 2186 niuis

312 2225 428 2288 mirum
453 2229 530 2307 puto
552 2224 645 2309 quod,
670 2248 742 2288 cum
761 2225 795 2288 in
816 2223 873 2290 SC.
893 2227 931 2291 de
951 2227 1170 2294 Baeanalibus
1190 2231 1266 2296 anni
1287 2232 1350 2295 568
1368 2251 1437 2292 nun·

312 2354 408 2416 quarn
433 2333 630 2414 geminatum
660 2335 757 2414 osset,
790 2336 977 2397 constanter
1004 2335 1037 2398 id
1060 2335 1181 2400 factum
1207 2338 1313 2401 estin
1339 2335 1390 2400 SC.
1410 2335 1437 2397 de

312 2439 500 2503 Tiburtibus
531 2437 615 2521 quod
645 2438 774 2500 exeunti
803 2438 903 2501 ferme
933 2441 1060 2504 saecule
1085 2440 1130 2503 Vl
1155 2443 1362 2507 tribuendum
1382 2464 1436 2505 een·

313 2547 388 2630 ieci,
418 2543 576 2629 siquidem
604 2542 665 2606 hoe
698 2544 816 2607 litteris
847 2544 1031 2628 consignari
1059 2547 1099 2608 ab
1128 2546 1238 2632 aliquo
1266 2551 1371 2633 potuit
1396 2549 1435 2631 qui

311 2653 480 2717 Ennianus
505 2651 669 2715 doetrinae
694 2671 763 2713 sese
788 2650 977 2714 addixisset:
1002 2651 1064 2714 nisi
1088 2652 1172 2716 forte
1190 2676 1257 2718 non
1277 2656 1348 2738 ipsa
1364 2661 1436 2718 retus

311 2760 423 2825 tabula
450 2759 514 2822 fuit
542 2781 639 2842 quam
667 2778 752 2820 nuno
781 2757 981 2839 deperditam
1005 2756 1138 2822 Fulvius
1163 2759 1303 2825 Vrsinus
1332 2767 1363 2825 et
1387 2759 1435 2823 En-

310 2869 401 2932 nius·
420 2865 573 2941 Quirinus
604 2864 789 2928 Viscontius
820 2863 969 2927 viderunt
1001 2865 1251 2951 edideruutque,
1285 2868 1340 2932 sed
1370 2872 1436 2951 post·

311 2973 441 3037 modum
475 2967 705 3053 instaurata.†)
753 2966 903 3032 Ceterum
937 2971 1092 3035 secundae
1125 2974 1306 3058 tertiaeque
1341 2973 1436 3038 aetatis

312 3079 466 3161 exemplis
502 3078 535 3140 in
568 3075 798 3140 commentario
835 3074 1092 3161 Mummieno'p.
1121 3079 1166 3143 lv
1197 3084 1312 3164 [supra
1342 3104 1368 3164 p.
1394 3074 1435 3160 Sa]

313 3184 502 3267 compositis
536 3183 609 3246 addi
641 3186 777 3264 possunt
810 3180 915 3245 olNA
949 3204 965 3244 e
999 3183 1092 3266 cippo
1125 3187 1267 3252 miliario
1298 3188 1322 3252 l.
1349 3188 1380 3251 ll.
1407 3182 1435 3248 N.

314 3292 401 3355 6243
426 3291 502 3354 anni
527 3291 589 3353 6⁶27
617 3286 665 3370 [C.
690 3287 712 3351 l.
737 3287 770 3350 L.
793 3288 809 3352 I
834 3311 863 3351 n.
889 3289 969 3370 5583
995 3289 1028 3352 P.
1054 3290 1086 3353 L.
1107 3291 1148 3356 M.
1168 3292 1206 3357 Ε.
1224 3296 1290 3358 tab.
1314 3294 1435 3370 Ll'ldl.
1490 3335 1491 3340 .

313 3394 634 3463 C·FANNI·M·F
658 3447 664 3458 .
690 3446 696 3457 .
722 3444 727 3456 .
754 3444 760 3458 .
786 3393 864 3458 Cos
895 3417 930 3457 ex
965 3395 1085 3459 inedita
1114 3398 1261 3464 Romana
1292 3401 1365 3465 anni
1386 3401 1435 3463 un
1490 3379 1491 3386 ἵ

313 3503 361 3584 [tl.
385 3503 408 3568 l.
440 3502 472 3566 L.
500 3503 513 3565 l
539 3525 568 3565 n.
593 3503 671 3582 5603
700 3500 733 3564 P.
762 3500 796 3563 L.
825 3501 867 3564 M.
895 3501 931 3564 E.
965 3503 1030 3566 tab.
1055 3503 1127 3566 LVI
1143 3504 1197 3584 Ul:
1234 3508 1359 3590 quande
1384 3528 1434 3569 an-

312 3613 410 3697 bigua
434 3614 509 3674 sunt
537 3607 683 3671 breviata
706 3603 817 3669 FLAO
843 3611 874 3669 et
899 3605 1015 3672 olene
1043 3609 1176 3673 nomina
1205 3612 1236 3675 iu
1262 3611 1432 3678 Aeclaueusi
1489 3635 1490 3640 ¹

311 3720 335 3783 Ι.
364 3721 400 3782 n.
429 3715 467 3781 N.
500 3717 583 3778 1094
618 3715 666 3794 [o.
694 3712 718 3777 l.
746 3712 779 3776 L.
811 3713 827 3776 l
856 3736 886 3776 n.
919 3715 993 3776 554.
1021 3715 1100 3797 5553
1134 3715 1167 3780 P.
1196 3715 1230 3782 L.
1254 3719 1297 3784 M.
1320 3721 1355 3784 E.
1384 3719 1432 3782 tal.»¹
1489 3777 1490 3782 ,

312 3824 369 3888 LV
388 3825 443 3888 Cb
474 3824 552 3902 Do}
583 3822 658 3886 anni
690 3821 762 3883 625.
808 3819 835 3882 Ε
865 3824 980 3902 quarta
1016 3826 1122 3886 aetate
1150 3828 1290 3908 perraris
1318 3827 1434 3892 omissae

313 3932 542 4016 geminationis
572 3928 726 4012 exemplis
759 3927 922 4010 accedunt,
947 3932 982 3991 ut
1006 3929 1103 3994 dubia
1126 3933 1159 3995 in
1182 3934 1254 4018 lege
1279 3935 1430 3999 Puteolano

384 4195 425 4262 **)
444 4195 526 4264 [Vide
546 4195 634 4248 Musei
654 4194 740 4246 lthen.
761 4195 780 4244 t.
801 4191 837 4243 lX
857 4208 883 4258 p.
907 4198 936 4244 17
957 4192 1040 4257 (infra
1058 4211 1084 4262 p.
1105 4200 1166 4261 232)
1185 4196 1248 4250 adn.
1286 4199 1313 4253 C.
1332 4196 1379 4257 ull

366 4284 422 4347 ***)
442 4284 530 4353 [llaec
550 4287 701 4338 retraetata
725 4285 789 4334 sunt
808 4279 874 4333 ibid.
895 4298 921 4348 p.
944 4287 976 4334 16
996 4285 1068 4351 (231)
1087 4301 1126 4351 sq.
1164 4287 1192 4340 C.
1212 4287 1268 4357 W.]

402 4377 430 4438 †)
451 4372 533 4441 {l'ide
549 4371 637 4425 Musei
652 4372 739 4425 llhcn.
755 4375 775 4426 t.
792 4373 828 4427 IX
845 4385 870 4435 p.
892 4373 940 4421 160
956 4369 1040 4434 (iufra
1055 4389 1080 4438 p.
1096 4378 1147 4426 ‘229
1162 4373 1236 4442 adn.)
1265 4375 1292 4430 C.
1306 4373 1356 4442 lt]
1489 4451 1490 4458 ἵ
