3108 5142
258 241 266 256 '
285 255 304 318 8
597 269 821 318 s1¹1o1uac1vn
847 268 1121 316 amonsrmovn.

286 414 314 478 V
331 413 388 498 ·F,
412 414 466 478 V·
490 412 586 499 (Stoi)
609 413 644 496 P,
667 413 807 496 primunr
831 413 975 496 paullum
995 393 1167 477 immutata
1188 413 1327 478 formula
1345 414 1424 478 dixe

287 524 363 584 runt
392 522 491 585 etiam
520 519 570 585 SE
586 556 592 569 ·
608 519 714 584 VIVO
734 555 741 568 ·
760 517 888 587 FECIT
919 518 1024 604 (Crut.
1048 520 1123 602 418,
1147 516 1192 604 6),
1216 519 1266 584 ΒΕ
1280 554 1287 569 ·
1303 520 1331 583 V
1335 520 1425 584 IVO·

287 627 423 692 DEDIT
453 626 509 710 (ih.
541 628 620 710 414,
649 626 693 712 2).
740 626 802 691 Sed
831 626 915 711 quod
946 648 1048 710 prope
1076 626 1263 691 incredibile
1292 626 1426 710 cuipiam

287 735 451 819 videatur,
480 734 541 799 hac
569 734 731 799 locutione
762 739 878 818 postea
900 735 947 798 ita
971 735 1064 798 abusi
1088 739 1173 818 sunt,
1196 737 1233 798 ut
1256 734 1354 799 etiam
1377 735 1427 798 ubi

286 843 393 907 nullus
417 845 504 906 esset
527 840 672 906 ablativo
696 841 794 923 locus,
817 844 927 904 tamen
951 838 1001 904 SE
1026 840 1190 924 adderent,
1213 842 1265 906 vel
1289 841 1316 906 si
1340 842 1428 905 aliter
1535 855 1536 858 ’

287 950 397 1013 efferre
431 949 540 1033 lubet,
572 953 609 1013 ut
640 952 807 1032 tamquam
840 949 934 1013 unius
968 949 1116 1013 vocabuli
1149 950 1215 1013 vim
1248 947 1428 1013 savlvvs
1535 947 1536 976 I

286 1058 430 1122 haberet.
477 1055 552 1120 Non
576 1057 653 1121 licet
682 1054 812 1121 diffiteri
837 1051 1079 1119 soloecismum:
1108 1056 1251 1120 clamant
1279 1056 1430 1139 exempla.

288 1164 338 1228 SE
373 1162 506 1228 VIVVS
534 1161 779 1228 INCHOAVIT
816 1166 866 1225 est
903 1183 953 1246 ap.
987 1161 1077 1227 Grut.
1109 1164 1189 1246 410,
1228 1165 1257 1229 8.
1294 1165 1372 1246 871,
1404 1164 1430 1243 7,

288 1271 339 1335 ΒΕ
359 1305 366 1319 ·
386 1269 541 1334 VIVVS·
566 1267 694 1334 FECIT
724 1270 767 1334 ib.
797 1270 871 1351 609,
899 1270 925 1351 1,
949 1267 1000 1332 ΒΕ
1016 1304 1023 1317 ·
1038 1268 1169 1335 VIBVS
1184 1306 1190 1320 ·
1206 1268 1335 1334 FECIT
1362 1271 1431 1350 586,

289 1382 318 1462 8,
347 1374 886 1443 SE·VIBVS·COMPARAVIT
912 1376 994 1459 863,
1025 1377 1057 1460 7,
1081 1375 1431 1442 SE·BIBVS·COM-
1504 1363 1506 1367 ’

289 1483 484 1549 I'AItAVIT
510 1484 587 1566 754,
618 1484 667 1547 10.
713 1483 838 1567 Iteapse
866 1507 931 1547 una
958 1505 1037 1548 voce
1061 1485 1215 1567 scriptum
1240 1487 1349 1548 exstat
1373 1483 1431 1548 ΒΕ·

289 1591 419 1657 VIBVS
434 1641 442 1655 .
457 1643 464 1656 .
479 1642 485 1655 .
501 1643 507 1656 .
526 1589 811 1656 COMPARAVIT
831 1591 904 1674 640,
928 1592 959 1674 4,
978 1589 1161 1655 SEVIVOS
1175 1624 1183 1640 ·
1198 1590 1326 1655 FECIT
1345 1591 1432 1655 Fabr.

289 1700 315 1782 I,
334 1699 408 1764 281.
423 1698 546 1762 Plurali
564 1719 699 1761 numero
719 1696 819 1760 habes
840 1696 890 1761 ΒΕ
906 1732 912 1745 ·
928 1696 1046 1762 VIVI·
1062 1695 1184 1784 (VIBI)
1200 1694 1432 1762 FECERVNT

290 1806 340 1869 vel
365 1803 757 1870 COMPARAVERVNT
785 1826 833 1888 ap.
865 1803 955 1868 Crut.
984 1805 1062 1888 608,
1094 1806 1123 1869 4.
1155 1807 1228 1882 84,
1252 1806 1281 1869 2.
1306 1806 1385 1885 877,
1407 1807 1433 1866 6.

293 1913 386 1994 1114,
413 1914 439 1975 l.
458 1910 595 1975 Prorsus
616 1913 724 1976 autem
743 1910 879 1975 rationis
899 1911 1030 1976 modum
1054 1911 1178 1976 excedit
1197 1910 1247 1976 ΒΕ
1263 1947 1270 1960 ·
1285 1909 1433 1976 VIBOS·

290 2016 525 2083 FECEltVNT
550 2017 623 2095 799,
647 2017 676 2081 3.
699 2054 743 2062 -
767 2018 928 2095 Quorsum
952 2022 1058 2082 autem
1082 2018 1115 2081 in
1138 2017 1234 2081 huius
1257 2016 1348 2082 tituli
1372 2040 1434 2082 sor·
1482 2091 1487 2100 ¹

291 2126 385 2190 dibus
405 2123 530 2189 tamdiu
549 2123 735 2189 haesimus?
755 2124 831 2191 Non
853 2126 959 2190 hercle
981 2126 1079 2189 aliam
1100 2125 1200 2190 ullam
1219 2125 1261 2189 ob
1281 2147 1435 2206 caussam,

290 2231 354 2296 nisi
386 2235 423 2295 ut
457 2230 524 2296 eius
555 2233 676 2296 auxilio
709 2234 857 2318 geminae
890 2233 1112 2317 inscriptionis
1145 2236 1276 2296 nostrae
1305 2233 1435 2297 lacunas

292 2340 507 2424 suppleamus
545 2339 653 2423 Atque
677 2362 726 2403 vv.
750 2341 780 2402 4.
804 2339 824 2402 5
849 2340 1001 2403 extremis
1026 2340 1109 2403 nihil
1132 2339 1243 2402 deesse
1266 2338 1330 2402 uisi
1355 2337 1385 2404 Α
1407 2341 1436 2402 61

292 2446 326 2510 M
354 2445 450 2510 facile
477 2445 677 2530 intellegibis.
722 2444 782 2510 Vv.
812 2451 920 2509 autem
948 2448 977 2511 6.
1003 2448 1020 2510 7
1046 2448 1203 2530 quantum
1231 2445 1437 2522 desideretur,

292 2576 331 2616 ex
355 2553 375 2616 8
400 2551 475 2615 619
500 2551 627 2615 demum
651 2553 892 2636 comparatione
912 2548 1114 2637 perspicitur.
1146 2552 1194 2616 De
1214 2553 1437 2636 supplemento

293 2682 321 2724 v.
345 2659 364 2722 0
392 2658 482 2723 nulla
510 2681 579 2724 esse
608 2661 768 2726 dubitatio
796 2665 919 2744 potest:
948 2657 1167 2734 OI’TIhIAEl·
1195 2660 1264 2724 ET·
1285 2659 1437 2736 LIBEIll.

292 2765 361 2832 Nec
394 2772 504 2832 tamen
536 2767 632 2832 huius
665 2768 794 2853 quidem
825 2791 937 2832 versus
971 2768 1171 2852 longitudine
1201 2765 1438 2851 prohibeamur,

293 2875 466 2960 quominus
491 2897 519 2939 v.
543 2877 563 2938 6
588 2880 621 2939 61
645 2877 662 2939 7
687 2899 753 2940 non
780 2876 859 2939 item
883 2897 1013 2957 novem,
1038 2873 1094 2938 sed
1117 2874 1215 2938 trium
1238 2876 1367 2937 tautum
1391 2874 1437 2937 lit·

293 2987 435 3046 terarum
465 2982 572 3064 spatia
599 2982 755 3064 explenda
785 3004 854 3046 esse
878 2982 1098 3046 existimemus
1123 2980 1261 3051 inbono
1286 2981 1437 3062 speciem:

294 3086 511 3164 QVOQVAM
533 3085 779 3162 EORVMfflIO
804 3092 836 3152 et
860 3087 897 3152 ΒΙ
917 3087 1016 3164 QVIS
1036 3085 1246 3162 DONIARE:
1269 3109 1347 3150 nam
1366 3087 1437 3151 aliis

295 3195 494 3279 temporibus
523 3194 718 3278 scriptorum
748 3196 812 3259 alia
841 3195 986 3259 condicio
1016 3199 1049 3258 et
1076 3194 1183 3278 potuIt
1211 3215 1281 3257 esse
1307 3198 1340 3257 et
1363 3215 1437 3258 vero

265 3303 370 3386 eluit,
399 3302 426 3370 si
461 3301 500 3366 ad
528 3302 690 3366 diversum
720 3302 883 3367 modulum
912 3304 1056 3387 ipsarum
1086 3302 1267 3365 litterarum
1296 3301 1437 3365 animum

295 3407 509 3475 adverteritis.
555 3407 675 3473 Verum
713 3409 924 3491 prohibemur
961 3413 1139 3473 structurae
1177 3409 1301 3473 ratione
1335 3431 1438 3493 grom-

296 3518 415 3581 matica
448 3519 480 3578 61
514 3515 692 3579 sententiae
727 3515 852 3579 delectu
880 3538 907 3580 v.
938 3517 955 3579 7
985 3519 1070 3582 618.
1116 3514 1163 3580 Vt
1186 3516 1270 3579 enim
1299 3515 1439 3579 feramus

295 3624 374 3688 illud
408 3620 526 3699 QVOD
556 3621 593 3686 ΒΙ
627 3644 685 3706 pro
718 3643 805 3703 quoru
836 3623 877 3706 sl,
910 3627 1018 3686 tomen
1048 3645 1155 3687 carere
1189 3623 1323 3706 apodosi
1352 3621 1438 3686 nullo

295 3737 390 3816 pacto
421 3752 608 3814 possumuS,
641 3751 705 3812 qua
734 3730 957 3793 constituenda
989 3753 1093 3812 poena
1121 3734 1198 3796 erat.
1249 3727 1438 3814 Negleotum
1501 3725 1507 3746 ⁸

294 3843 369 3922 post
394 3861 422 3903 v.
452 3839 470 3902 8
500 3839 663 3922 integrum
693 3859 820 3901 versum
849 3841 918 3900 turn
947 3837 1096 3902 aDonio
1125 3842 1194 3901 tum
1224 3838 1264 3901 ab
1293 3836 1438 3900 Romano

295 3945 469 4009 collectore
502 3967 581 4026 osse,
613 3946 667 4028 qui
700 3945 751 4009 vel
784 3946 822 4008 de
846 3944 1076 4009 VEXIDERE
1106 3945 1162 4008 illo
1191 3946 1275 4008 inter
1304 3967 1338 4008 se
1367 3966 1438 4009 con-

297 4051 448 4131 sentiant,
472 4072 535 4114 non
560 4052 665 4132 magis
689 4057 738 4116 est
758 4051 925 4135 probabile
945 4075 1041 4135 quarn
1062 4074 1153 4115 craso
1175 4055 1317 4115 extremo
1337 4049 1437 4115 Zotici

296 4157 403 4222 versui
432 4158 684 4240 superscriptum
714 4160 755 4222 ab
788 4159 947 4242 lapidatio
980 4159 1119 4240 primum
1148 4157 1304 4240 Stephani
1332 4157 1438 4221 fuisse.
1545 4183 1546 4224 1

296 4265 397 4348 Atqui
422 4264 541 4328 multae
565 4263 747 4348 descriptio,
771 4266 875 4349 qualis
900 4266 937 4328 fit
960 4266 993 4329 in
1017 4265 1250 4346 thratoriana,
1273 4264 1307 4328 in
1330 4269 1437 4328 nostro

296 4374 403 4438 locum
427 4371 545 4436 habere
569 4371 657 4437 nullo
682 4371 777 4437 modo
803 4377 921 4456 potest.
958 4371 1033 4438 Non
1057 4373 1147 4436 licuit
1167 4372 1265 4454 illam,
1289 4370 1317 4435 si
1337 4393 1438 4435 exeru-
