<?xml version="1.0" encoding="UTF-8"?>
<!DOCTYPE html PUBLIC "-//W3C//DTD XHTML 1.0 Transitional//EN"
    "http://www.w3.org/TR/xhtml1/DTD/xhtml1-transitional.dtd">
<html xmlns="http://www.w3.org/1999/xhtml" xml:lang="en" lang="en">
 <head>
  <title>
</title>
<meta http-equiv="Content-Type" content="text/html;charset=utf-8" />
  <meta name='ocr-system' content='tesseract 3.04.00' />
  <meta name='ocr-capabilities' content='ocr_page ocr_carea ocr_par ocr_line ocrx_word'/>
</head>
<body>
  <div class='ocr_page' id='page_1' title='image "./fridericiritsch03ritsgoog_0565.png"; bbox 0 0 2972 5120; ppageno 0'>
   <div class='ocr_carea' id='block_1_1' title="bbox 336 347 1245 413">
    <p class='ocr_par' dir='ltr' id='par_1_1' title="bbox 336 347 1245 413">
     <span class='ocr_line' id='line_1_1' title="bbox 336 347 1245 413; baseline -0.003 -1"><span class='ocrx_word' id='word_1_1' title='bbox 336 347 401 413; x_wconf 80' lang='lat'>528</span> <span class='ocrx_word' id='word_1_2' title='bbox 575 363 720 412; x_wconf 74' lang='lat' dir='ltr'>PRISCAE</span> <span class='ocrx_word' id='word_1_3' title='bbox 745 361 967 411; x_wconf 76' lang='lat' dir='ltr'>uuummurus</span> <span class='ocrx_word' id='word_1_4' title='bbox 990 363 1245 410; x_wconf 76' lang='lat' dir='ltr'>aruonarfflcau</span> 
     </span>
    </p>
   </div>
   <div class='ocr_carea' id='block_1_2' title="bbox 236 504 1473 2934">
    <p class='ocr_par' dir='ltr' id='par_1_2' title="bbox 236 504 1473 2295">
     <span class='ocr_line' id='line_1_2' title="bbox 336 504 1431 572; baseline -0.006 0"><span class='ocrx_word' id='word_1_5' title='bbox 336 508 498 572; x_wconf 88' lang='lat' dir='ltr'>cenarium</span> <span class='ocrx_word' id='word_1_6' title='bbox 522 507 608 572; x_wconf 88' lang='lat' dir='ltr'>inter</span> <span class='ocrx_word' id='word_1_7' title='bbox 627 507 801 572; x_wconf 73' lang='lat' dir='ltr'>dictatores</span> <span class='ocrx_word' id='word_1_8' title='bbox 821 505 903 571; x_wconf 90' lang='lat' dir='ltr'>XIII</span> <span class='ocrx_word' id='word_1_9' title='bbox 920 506 1048 571; x_wconf 88' lang='lat' dir='ltr'>nullum</span> <span class='ocrx_word' id='word_1_10' title='bbox 1070 529 1136 571; x_wconf 90' lang='lat' dir='ltr'>uon</span> <span class='ocrx_word' id='word_1_11' title='bbox 1159 505 1350 571; x_wconf 86' lang='lat' dir='ltr'>consularem</span> <span class='ocrx_word' id='word_1_12' title='bbox 1360 504 1431 568; x_wconf 84' lang='lat' dir='ltr'>Roma</span> 
     </span>
     <span class='ocr_line' id='line_1_3' title="bbox 336 611 1432 699; baseline -0.005 -22"><span class='ocrx_word' id='word_1_13' title='bbox 336 613 518 699; x_wconf 90' lang='lat' dir='ltr'>vidisset*):</span> <span class='ocrx_word' id='word_1_14' title='bbox 553 618 586 679; x_wconf 89' lang='lat' dir='ltr'>et</span> <span class='ocrx_word' id='word_1_15' title='bbox 609 619 718 678; x_wconf 89' lang='lat' dir='ltr'>tamen</span> <span class='ocrx_word' id='word_1_16' title='bbox 741 635 806 678; x_wconf 89' lang='lat' dir='ltr'>nou</span> <span class='ocrx_word' id='word_1_17' title='bbox 833 612 1013 677; x_wconf 85' lang='lat' dir='ltr'>consularis</span> <span class='ocrx_word' id='word_1_18' title='bbox 1041 635 1078 686; x_wconf 92' lang='lat' dir='ltr'>eo</span> <span class='ocrx_word' id='word_1_19' title='bbox 1109 635 1194 678; x_wconf 88' lang='lat' dir='ltr'>anno</span> <span class='ocrx_word' id='word_1_20' title='bbox 1222 611 1261 676; x_wconf 90' lang='lat' dir='ltr'>ad</span> <span class='ocrx_word' id='word_1_21' title='bbox 1283 612 1432 676; x_wconf 68' lang='lat' dir='ltr'>dictaturam</span> 
     </span>
     <span class='ocr_line' id='line_1_4' title="bbox 337 713 1433 804; baseline -0.005 -20"><span class='ocrx_word' id='word_1_22' title='bbox 337 713 587 796; x_wconf 66' lang='lat' dir='ltr'>Qjfloruensius</span> <span class='ocrx_word' id='word_1_23' title='bbox 612 721 757 786; x_wconf 89' lang='lat' dir='ltr'>accessit.</span> <span class='ocrx_word' id='word_1_24' title='bbox 799 719 829 783; x_wconf 84' lang='lat' dir='ltr'><strong>A</strong></span> <span class='ocrx_word' id='word_1_25' title='bbox 853 741 917 804; x_wconf 90' lang='lat' dir='ltr'>quo</span> <span class='ocrx_word' id='word_1_26' title='bbox 940 723 1086 803; x_wconf 90' lang='lat' dir='ltr'>tempore</span> <span class='ocrx_word' id='word_1_27' title='bbox 1110 719 1151 784; x_wconf 85' lang='lat' dir='ltr'>ad</span> <span class='ocrx_word' id='word_1_28' title='bbox 1176 741 1294 784; x_wconf 87' lang='lat' dir='ltr'>annum</span> <span class='ocrx_word' id='word_1_29' title='bbox 1317 717 1368 783; x_wconf 89' lang='grc'>533</span> <span class='ocrx_word' id='word_1_30' title='bbox 1386 739 1433 779; x_wconf 85' lang='lat' dir='ltr'>cuu</span> 
     </span>
     <span class='ocr_line' id='line_1_5' title="bbox 336 824 1433 911; baseline -0.007 -20"><span class='ocrx_word' id='word_1_31' title='bbox 336 828 413 892; x_wconf 87' lang='lat' dir='ltr'>anni</span> <span class='ocrx_word' id='word_1_32' title='bbox 438 829 567 894; x_wconf 77' lang='lat' dir='ltr'>circiter</span> <span class='ocrx_word' id='word_1_33' title='bbox 589 826 679 891; x_wconf 86' lang='lat' dir='ltr'>LXV</span> <span class='ocrx_word' id='word_1_34' title='bbox 702 827 863 893; x_wconf 88' lang='lat' dir='ltr'>interiecti</span> <span class='ocrx_word' id='word_1_35' title='bbox 888 827 967 911; x_wconf 85' lang='lat' dir='ltr'>siut,</span> <span class='ocrx_word' id='word_1_36' title='bbox 991 827 1109 910; x_wconf 88' lang='lat' dir='ltr'>quibus</span> <span class='ocrx_word' id='word_1_37' title='bbox 1131 848 1199 891; x_wconf 88' lang='lat' dir='ltr'>non</span> <span class='ocrx_word' id='word_1_38' title='bbox 1222 826 1326 910; x_wconf 85' lang='lat' dir='ltr'>plures</span> <span class='ocrx_word' id='word_1_39' title='bbox 1345 824 1433 888; x_wconf 82' lang='lat' dir='ltr'>iueruuu</span> 
     </span>
     <span class='ocr_line' id='line_1_6' title="bbox 336 929 1435 1020; baseline -0.007 -22"><span class='ocrx_word' id='word_1_40' title='bbox 336 936 467 1000; x_wconf 89' lang='lat' dir='ltr'>omnino</span> <span class='ocrx_word' id='word_1_41' title='bbox 491 958 588 1020; x_wconf 90' lang='lat' dir='ltr'>quam</span> <span class='ocrx_word' id='word_1_42' title='bbox 613 938 686 1000; x_wconf 87' lang='lat' dir='ltr'>octo</span> <span class='ocrx_word' id='word_1_43' title='bbox 711 934 898 1018; x_wconf 83' lang='lat' dir='ltr'>dictatores,</span> <span class='ocrx_word' id='word_1_44' title='bbox 928 934 1050 998; x_wconf 90' lang='lat' dir='ltr'>maiore</span> <span class='ocrx_word' id='word_1_45' title='bbox 1074 933 1154 998; x_wconf 88' lang='lat' dir='ltr'>adeo</span> <span class='ocrx_word' id='word_1_46' title='bbox 1177 932 1248 997; x_wconf 89' lang='lat' dir='ltr'>iure</span> <span class='ocrx_word' id='word_1_47' title='bbox 1271 932 1327 996; x_wconf 88' lang='lat' dir='ltr'>bac</span> <span class='ocrx_word' id='word_1_48' title='bbox 1345 929 1435 1015; x_wconf 79' lang='lat' dir='ltr'>potissi</span> 
     </span>
     <span class='ocr_line' id='line_1_7' title="bbox 336 1037 1436 1124; baseline -0.007 -20"><span class='ocrx_word' id='word_1_49' title='bbox 336 1063 424 1104; x_wconf 92' lang='lat' dir='ltr'>mum</span> <span class='ocrx_word' id='word_1_50' title='bbox 448 1046 554 1107; x_wconf 87' lang='lat' dir='ltr'>aetate</span> <span class='ocrx_word' id='word_1_51' title='bbox 578 1043 751 1108; x_wconf 82' lang='lat' dir='ltr'>infractam</span> <span class='ocrx_word' id='word_1_52' title='bbox 782 1041 833 1105; x_wconf 81' lang='lat' dir='ltr'>vel</span> <span class='ocrx_word' id='word_1_53' title='bbox 861 1040 1033 1124; x_wconf 79' lang='lat' dir='ltr'>paullatim</span> <span class='ocrx_word' id='word_1_54' title='bbox 1062 1041 1299 1105; x_wconf 83' lang='lat' dir='ltr'>exolescentem</span> <span class='ocrx_word' id='word_1_55' title='bbox 1323 1037 1436 1122; x_wconf 81' lang='lat' dir='ltr'>pristinu</span> 
     </span>
     <span class='ocr_line' id='line_1_8' title="bbox 336 1143 1436 1228; baseline -0.004 -18"><span class='ocrx_word' id='word_1_56' title='bbox 336 1147 401 1211; x_wconf 90' lang='lat' dir='ltr'>vim</span> <span class='ocrx_word' id='word_1_57' title='bbox 430 1149 671 1214; x_wconf 87' lang='lat' dir='ltr'>consuetudinis</span> <span class='ocrx_word' id='word_1_58' title='bbox 705 1148 805 1212; x_wconf 93' lang='lat' dir='ltr'>menti</span> <span class='ocrx_word' id='word_1_59' title='bbox 835 1151 965 1213; x_wconf 91' lang='lat' dir='ltr'>nostrae</span> <span class='ocrx_word' id='word_1_60' title='bbox 997 1147 1261 1213; x_wconf 87' lang='lat' dir='ltr'>informabimus:</span> <span class='ocrx_word' id='word_1_61' title='bbox 1293 1143 1436 1228; x_wconf 78' lang='lat' dir='ltr'>praesertin</span> 
     </span>
     <span class='ocr_line' id='line_1_9' title="bbox 337 1249 1473 1341; baseline -0.003 -26"><span class='ocrx_word' id='word_1_62' title='bbox 337 1274 408 1316; x_wconf 90' lang='lat' dir='ltr'>eum</span> <span class='ocrx_word' id='word_1_63' title='bbox 442 1277 585 1320; x_wconf 88' lang='lat' dir='ltr'>summae</span> <span class='ocrx_word' id='word_1_64' title='bbox 617 1255 791 1341; x_wconf 81' lang='lat' dir='ltr'>diguitatis</span> <span class='ocrx_word' id='word_1_65' title='bbox 824 1255 997 1334; x_wconf 86' lang='lat' dir='ltr'>dictatura,</span> <span class='ocrx_word' id='word_1_66' title='bbox 1030 1277 1111 1340; x_wconf 90' lang='lat' dir='ltr'>quae</span> <span class='ocrx_word' id='word_1_67' title='bbox 1143 1253 1208 1319; x_wconf 84' lang='lat' dir='ltr'>fuit</span> <span class='ocrx_word' id='word_1_68' title='bbox 1240 1253 1289 1318; x_wconf 91' lang='lat' dir='ltr'>rei</span> <span class='ocrx_word' id='word_1_69' title='bbox 1319 1249 1437 1336; x_wconf 69' lang='lat' dir='ltr'>genardus</span> <span class='ocrx_word' id='word_1_70' title='bbox 1472 1333 1473 1336; x_wconf 8' lang='grc' dir='ltr'><strong>Ἴ</strong></span> 
     </span>
     <span class='ocr_line' id='line_1_10' title="bbox 336 1347 1473 1442; baseline -0.005 -20"><span class='ocrx_word' id='word_1_71' title='bbox 336 1380 463 1442; x_wconf 89' lang='lat' dir='ltr'>caussa,</span> <span class='ocrx_word' id='word_1_72' title='bbox 487 1361 552 1425; x_wconf 91' lang='lat' dir='ltr'>iam</span> <span class='ocrx_word' id='word_1_73' title='bbox 576 1361 616 1426; x_wconf 88' lang='lat' dir='ltr'>ab</span> <span class='ocrx_word' id='word_1_74' title='bbox 641 1362 735 1426; x_wconf 90' lang='lat' dir='ltr'>initio</span> <span class='ocrx_word' id='word_1_75' title='bbox 760 1362 842 1426; x_wconf 86' lang='lat' dir='ltr'>sexti</span> <span class='ocrx_word' id='word_1_76' title='bbox 868 1362 986 1426; x_wconf 89' lang='lat' dir='ltr'>saeculi</span> <span class='ocrx_word' id='word_1_77' title='bbox 1009 1362 1099 1426; x_wconf 87' lang='lat' dir='ltr'>nulla</span> <span class='ocrx_word' id='word_1_78' title='bbox 1126 1360 1314 1438; x_wconf 82' lang='lat' dir='ltr'>exstitisset</span> <span class='ocrx_word' id='word_1_79' title='bbox 1354 1355 1439 1432; x_wconf 82' lang='lat' dir='ltr'>Quodsi</span> <span class='ocrx_word' id='word_1_80' title='bbox 1472 1347 1473 1366; x_wconf 36' lang='lat' dir='ltr'>l</span> 
     </span>
     <span class='ocr_line' id='line_1_11' title="bbox 260 1459 1440 1552; baseline -0.004 -25"><span class='ocrx_word' id='word_1_81' title='bbox 260 1503 273 1528; x_wconf 84' lang='lat'><strong><em>.</em></strong></span> <span class='ocrx_word' id='word_1_82' title='bbox 336 1464 375 1529; x_wconf 91' lang='lat' dir='ltr'>de</span> <span class='ocrx_word' id='word_1_83' title='bbox 398 1487 512 1531; x_wconf 86' lang='lat' dir='ltr'>caussa</span> <span class='ocrx_word' id='word_1_84' title='bbox 535 1468 662 1552; x_wconf 90' lang='lat' dir='ltr'>quaeris</span> <span class='ocrx_word' id='word_1_85' title='bbox 687 1467 853 1552; x_wconf 82' lang='lat' dir='ltr'>neglectae</span> <span class='ocrx_word' id='word_1_86' title='bbox 871 1467 951 1550; x_wconf 91' lang='lat' dir='ltr'>ipsis</span> <span class='ocrx_word' id='word_1_87' title='bbox 971 1467 1064 1532; x_wconf 89' lang='lat' dir='ltr'>annis</span> <span class='ocrx_word' id='word_1_88' title='bbox 1083 1467 1148 1532; x_wconf 87' lang='grc'>533</span> <span class='ocrx_word' id='word_1_89' title='bbox 1164 1487 1212 1550; x_wconf 87' lang='lat' dir='ltr'>sq.</span> <span class='ocrx_word' id='word_1_90' title='bbox 1231 1459 1440 1529; x_wconf 81' lang='lat' dir='ltr'>consuetudinis</span> 
     </span>
     <span class='ocr_line' id='line_1_12' title="bbox 337 1569 1440 1656; baseline -0.004 -22"><span class='ocrx_word' id='word_1_91' title='bbox 337 1571 370 1634; x_wconf 92' lang='lat' dir='ltr'>iu</span> <span class='ocrx_word' id='word_1_92' title='bbox 393 1575 546 1656; x_wconf 85' lang='lat' dir='ltr'>promptu</span> <span class='ocrx_word' id='word_1_93' title='bbox 571 1576 621 1637; x_wconf 88' lang='lat' dir='ltr'>est</span> <span class='ocrx_word' id='word_1_94' title='bbox 644 1573 847 1656; x_wconf 83' lang='lat' dir='ltr'>respondere,</span> <span class='ocrx_word' id='word_1_95' title='bbox 870 1573 1083 1656; x_wconf 86' lang='lat' dir='ltr'>plurimarum</span> <span class='ocrx_word' id='word_1_96' title='bbox 1105 1593 1213 1636; x_wconf 87' lang='lat' dir='ltr'>rerum</span> <span class='ocrx_word' id='word_1_97' title='bbox 1231 1592 1358 1636; x_wconf 80' lang='lat' dir='ltr'>caussas</span> <span class='ocrx_word' id='word_1_98' title='bbox 1373 1569 1440 1632; x_wconf 80' lang='lat' dir='ltr'>laten</span> 
     </span>
     <span class='ocr_line' id='line_1_13' title="bbox 336 1675 1441 1763; baseline -0.005 -23"><span class='ocrx_word' id='word_1_99' title='bbox 336 1677 392 1741; x_wconf 92' lang='lat' dir='ltr'>ubi</span> <span class='ocrx_word' id='word_1_100' title='bbox 417 1676 501 1742; x_wconf 87' lang='lat' dir='ltr'>Livii</span> <span class='ocrx_word' id='word_1_101' title='bbox 531 1678 607 1742; x_wconf 92' lang='lat' dir='ltr'>libri</span> <span class='ocrx_word' id='word_1_102' title='bbox 634 1684 764 1763; x_wconf 89' lang='lat' dir='ltr'>praesto</span> <span class='ocrx_word' id='word_1_103' title='bbox 792 1702 857 1745; x_wconf 90' lang='lat' dir='ltr'>non</span> <span class='ocrx_word' id='word_1_104' title='bbox 886 1680 959 1744; x_wconf 83' lang='lat' dir='ltr'>sint</span> <span class='ocrx_word' id='word_1_105' title='bbox 1005 1679 1050 1743; x_wconf 85' lang='lat' dir='ltr'>Et</span> <span class='ocrx_word' id='word_1_106' title='bbox 1073 1679 1175 1762; x_wconf 89' lang='lat' dir='ltr'>ipsius</span> <span class='ocrx_word' id='word_1_107' title='bbox 1199 1675 1363 1742; x_wconf 87' lang='lat' dir='ltr'>Hortensii</span> <span class='ocrx_word' id='word_1_108' title='bbox 1384 1675 1441 1738; x_wconf 77' lang='lat' dir='ltr'>illius</span> 
     </span>
     <span class='ocr_line' id='line_1_14' title="bbox 337 1785 1440 1870; baseline -0.005 -22"><span class='ocrx_word' id='word_1_109' title='bbox 337 1808 441 1850; x_wconf 90' lang='lat' dir='ltr'>enon</span> <span class='ocrx_word' id='word_1_110' title='bbox 471 1786 693 1850; x_wconf 88' lang='lat' dir='ltr'>consularibus</span> <span class='ocrx_word' id='word_1_111' title='bbox 721 1785 883 1870; x_wconf 82' lang='lat' dir='ltr'>deligendi</span> <span class='ocrx_word' id='word_1_112' title='bbox 912 1807 1008 1869; x_wconf 87' lang='lat' dir='ltr'>quam</span> <span class='ocrx_word' id='word_1_113' title='bbox 1036 1786 1070 1849; x_wconf 91' lang='lat' dir='ltr'>in</span> <span class='ocrx_word' id='word_1_114' title='bbox 1098 1789 1213 1869; x_wconf 87' lang='lat' dir='ltr'>aperto</span> <span class='ocrx_word' id='word_1_115' title='bbox 1242 1807 1313 1850; x_wconf 83' lang='lat' dir='ltr'>esse</span> <span class='ocrx_word' id='word_1_116' title='bbox 1335 1802 1440 1849; x_wconf 76' lang='lat' dir='ltr'>mussau</span> 
     </span>
     <span class='ocr_line' id='line_1_15' title="bbox 292 1887 1442 1976; baseline -0.004 -21"><span class='ocrx_word' id='word_1_117' title='bbox 292 1917 327 1956; x_wconf 88' lang='lat' dir='ltr'>x1</span> <span class='ocrx_word' id='word_1_118' title='bbox 338 1891 446 1956; x_wconf 83' lang='lat' dir='ltr'>dices?</span> <span class='ocrx_word' id='word_1_119' title='bbox 492 1891 578 1956; x_wconf 90' lang='lat' dir='ltr'>Nam</span> <span class='ocrx_word' id='word_1_120' title='bbox 602 1891 687 1974; x_wconf 89' lang='lat' dir='ltr'>quod</span> <span class='ocrx_word' id='word_1_121' title='bbox 711 1913 749 1956; x_wconf 89' lang='lat' dir='ltr'>eo</span> <span class='ocrx_word' id='word_1_122' title='bbox 772 1895 920 1976; x_wconf 87' lang='lat' dir='ltr'>tempore</span> <span class='ocrx_word' id='word_1_123' title='bbox 948 1892 1085 1956; x_wconf 80' lang='lat' dir='ltr'>secessio</span> <span class='ocrx_word' id='word_1_124' title='bbox 1113 1890 1220 1973; x_wconf 90' lang='lat' dir='ltr'>plebis</span> <span class='ocrx_word' id='word_1_125' title='bbox 1248 1891 1333 1956; x_wconf 85' lang='lat' dir='ltr'>facta</span> <span class='ocrx_word' id='word_1_126' title='bbox 1354 1894 1404 1970; x_wconf 86' lang='lat' dir='ltr'>est,</span> <span class='ocrx_word' id='word_1_127' title='bbox 1424 1887 1442 1950; x_wconf 90' lang='lat' dir='ltr'>il</span> 
     </span>
     <span class='ocr_line' id='line_1_16' title="bbox 236 1983 1442 2082; baseline -0.007 -22"><span class='ocrx_word' id='word_1_128' title='bbox 236 1983 242 1996; x_wconf 69' lang='grc'><strong>’</strong></span> <span class='ocrx_word' id='word_1_129' title='bbox 337 2000 397 2061; x_wconf 84' lang='lat' dir='ltr'>etsi</span> <span class='ocrx_word' id='word_1_130' title='bbox 417 1998 501 2062; x_wconf 91' lang='lat' dir='ltr'>hanc</span> <span class='ocrx_word' id='word_1_131' title='bbox 519 1997 585 2061; x_wconf 85' lang='lat' dir='ltr'>vim</span> <span class='ocrx_word' id='word_1_132' title='bbox 604 1997 723 2062; x_wconf 88' lang='lat' dir='ltr'>babere</span> <span class='ocrx_word' id='word_1_133' title='bbox 747 1999 856 2082; x_wconf 89' lang='lat' dir='ltr'>potuit</span> <span class='ocrx_word' id='word_1_134' title='bbox 878 2003 997 2063; x_wconf 88' lang='lat' dir='ltr'>utnon</span> <span class='ocrx_word' id='word_1_135' title='bbox 1018 2019 1035 2060; x_wconf 89' lang='lat' dir='ltr'>e</span> <span class='ocrx_word' id='word_1_136' title='bbox 1054 1997 1209 2082; x_wconf 82' lang='lat' dir='ltr'>patrIciis,</span> <span class='ocrx_word' id='word_1_137' title='bbox 1232 1997 1287 2062; x_wconf 86' lang='lat' dir='ltr'>sed</span> <span class='ocrx_word' id='word_1_138' title='bbox 1310 1993 1442 2081; x_wconf 76' lang='lat' dir='ltr'>eplebeiir</span> 
     </span>
     <span class='ocr_line' id='line_1_17' title="bbox 336 2102 1444 2189; baseline 0.001 -24"><span class='ocrx_word' id='word_1_139' title='bbox 336 2103 474 2168; x_wconf 89' lang='lat' dir='ltr'>dictator</span> <span class='ocrx_word' id='word_1_140' title='bbox 497 2103 668 2168; x_wconf 89' lang='lat' dir='ltr'>diceretur:</span> <span class='ocrx_word' id='word_1_141' title='bbox 693 2109 728 2168; x_wconf 90' lang='lat' dir='ltr'>at</span> <span class='ocrx_word' id='word_1_142' title='bbox 751 2104 790 2168; x_wconf 92' lang='lat' dir='ltr'>de</span> <span class='ocrx_word' id='word_1_143' title='bbox 808 2105 903 2189; x_wconf 90' lang='lat' dir='ltr'>plebe</span> <span class='ocrx_word' id='word_1_144' title='bbox 922 2104 1000 2168; x_wconf 88' lang='lat' dir='ltr'>facti</span> <span class='ocrx_word' id='word_1_145' title='bbox 1019 2104 1167 2169; x_wconf 84' lang='lat' dir='ltr'>consules</span> <span class='ocrx_word' id='word_1_146' title='bbox 1186 2102 1263 2169; x_wconf 90' lang='lat' dir='ltr'>inde</span> <span class='ocrx_word' id='word_1_147' title='bbox 1287 2105 1444 2169; x_wconf 76' lang='lat' dir='ltr'>ahenum</span> 
     </span>
     <span class='ocr_line' id='line_1_18' title="bbox 336 2210 923 2295; baseline 0.005 -23"><span class='ocrx_word' id='word_1_148' title='bbox 336 2210 463 2274; x_wconf 90' lang='lat' dir='ltr'>saeculo</span> <span class='ocrx_word' id='word_1_149' title='bbox 487 2216 601 2295; x_wconf 89' lang='lat' dir='ltr'>quarto</span> <span class='ocrx_word' id='word_1_150' title='bbox 626 2211 757 2276; x_wconf 90' lang='lat' dir='ltr'>minime</span> <span class='ocrx_word' id='word_1_151' title='bbox 781 2211 923 2276; x_wconf 89' lang='lat' dir='ltr'>deerant.</span> 
     </span>
    </p>

    <p class='ocr_par' dir='ltr' id='par_1_3' title="bbox 334 2315 1443 2934">
     <span class='ocr_line' id='line_1_19' title="bbox 425 2315 1442 2402; baseline 0.002 -24"><span class='ocrx_word' id='word_1_152' title='bbox 425 2315 515 2381; x_wconf 89' lang='lat' dir='ltr'>Haec</span> <span class='ocrx_word' id='word_1_153' title='bbox 539 2317 640 2402; x_wconf 87' lang='lat' dir='ltr'>igitur</span> <span class='ocrx_word' id='word_1_154' title='bbox 663 2338 701 2382; x_wconf 90' lang='lat' dir='ltr'>eo</span> <span class='ocrx_word' id='word_1_155' title='bbox 725 2318 833 2382; x_wconf 87' lang='lat' dir='ltr'>valere</span> <span class='ocrx_word' id='word_1_156' title='bbox 855 2317 930 2383; x_wconf 85' lang='lat' dir='ltr'>uolo</span> <span class='ocrx_word' id='word_1_157' title='bbox 959 2321 996 2382; x_wconf 88' lang='lat' dir='ltr'>ut</span> <span class='ocrx_word' id='word_1_158' title='bbox 1022 2317 1159 2383; x_wconf 89' lang='lat' dir='ltr'>nimium</span> <span class='ocrx_word' id='word_1_159' title='bbox 1186 2317 1289 2382; x_wconf 86' lang='lat' dir='ltr'>fuisse</span> <span class='ocrx_word' id='word_1_160' title='bbox 1311 2316 1442 2382; x_wconf 63' lang='lat' dir='ltr'>Manus</span> 
     </span>
     <span class='ocr_line' id='line_1_20' title="bbox 335 2421 1441 2509; baseline -0.004 -22"><span class='ocrx_word' id='word_1_161' title='bbox 335 2446 412 2488; x_wconf 89' lang='lat' dir='ltr'>num</span> <span class='ocrx_word' id='word_1_162' title='bbox 432 2423 649 2509; x_wconf 83' lang='lat' dir='ltr'>intellegatur,</span> <span class='ocrx_word' id='word_1_163' title='bbox 666 2425 720 2508; x_wconf 88' lang='lat' dir='ltr'>qui</span> <span class='ocrx_word' id='word_1_164' title='bbox 739 2448 804 2490; x_wconf 90' lang='lat' dir='ltr'>non</span> <span class='ocrx_word' id='word_1_165' title='bbox 819 2424 998 2490; x_wconf 89' lang='lat' dir='ltr'>consularis</span> <span class='ocrx_word' id='word_1_166' title='bbox 1011 2423 1145 2489; x_wconf 89' lang='lat' dir='ltr'>Minucii</span> <span class='ocrx_word' id='word_1_167' title='bbox 1165 2424 1356 2489; x_wconf 83' lang='lat' dir='ltr'>dictaturam</span> <span class='ocrx_word' id='word_1_168' title='bbox 1369 2421 1441 2506; x_wconf 77' lang='lat' dir='ltr'>‘plau</span> 
     </span>
     <span class='ocr_line' id='line_1_21' title="bbox 334 2529 1442 2616; baseline -0.005 -21"><span class='ocrx_word' id='word_1_169' title='bbox 334 2552 400 2595; x_wconf 93' lang='lat' dir='ltr'>non</span> <span class='ocrx_word' id='word_1_170' title='bbox 428 2529 678 2596; x_wconf 88' lang='lat' dir='ltr'>admittendam&#39;</span> <span class='ocrx_word' id='word_1_171' title='bbox 707 2530 802 2596; x_wconf 87' lang='lat' dir='ltr'>dicat.</span> <span class='ocrx_word' id='word_1_172' title='bbox 849 2531 910 2606; x_wconf 87' lang='lat' dir='ltr'>Qui</span> <span class='ocrx_word' id='word_1_173' title='bbox 939 2554 1035 2616; x_wconf 88' lang='lat' dir='ltr'>quarn</span> <span class='ocrx_word' id='word_1_174' title='bbox 1067 2531 1136 2615; x_wconf 87' lang='lat' dir='ltr'>ipse</span> <span class='ocrx_word' id='word_1_175' title='bbox 1168 2531 1378 2596; x_wconf 87' lang='lat' dir='ltr'>coniecturam</span> <span class='ocrx_word' id='word_1_176' title='bbox 1400 2547 1442 2590; x_wconf 83' lang='lat' dir='ltr'>au</span> 
     </span>
     <span class='ocr_line' id='line_1_22' title="bbox 335 2633 1442 2724; baseline -0.002 -22"><span class='ocrx_word' id='word_1_177' title='bbox 335 2638 497 2722; x_wconf 85' lang='lat' dir='ltr'>plectitur,</span> <span class='ocrx_word' id='word_1_178' title='bbox 529 2660 599 2701; x_wconf 88' lang='lat' dir='ltr'>eam</span> <span class='ocrx_word' id='word_1_179' title='bbox 634 2660 706 2701; x_wconf 90' lang='lat' dir='ltr'>cum</span> <span class='ocrx_word' id='word_1_180' title='bbox 736 2638 899 2724; x_wconf 88' lang='lat' dir='ltr'>plerisque</span> <span class='ocrx_word' id='word_1_181' title='bbox 932 2639 1032 2722; x_wconf 83' lang='lat' dir='ltr'>louge</span> <span class='ocrx_word' id='word_1_182' title='bbox 1064 2637 1269 2702; x_wconf 88' lang='lat' dir='ltr'>audaciorem</span> <span class='ocrx_word' id='word_1_183' title='bbox 1302 2639 1395 2702; x_wconf 82' lang='lat' dir='ltr'>risum</span> <span class='ocrx_word' id='word_1_184' title='bbox 1418 2633 1442 2694; x_wconf 78' lang='lat' dir='ltr'>ir.</span> 
     </span>
     <span class='ocr_line' id='line_1_23' title="bbox 336 2741 1441 2828; baseline 0.002 -22"><span class='ocrx_word' id='word_1_185' title='bbox 336 2744 527 2827; x_wconf 86' lang='lat' dir='ltr'>suspicatur,</span> <span class='ocrx_word' id='word_1_186' title='bbox 557 2745 654 2828; x_wconf 89' lang='lat' dir='ltr'>plane</span> <span class='ocrx_word' id='word_1_187' title='bbox 677 2743 865 2827; x_wconf 91' lang='lat' dir='ltr'>dicitquod</span> <span class='ocrx_word' id='word_1_188' title='bbox 889 2743 1036 2827; x_wconf 87' lang='lat' dir='ltr'>equidem</span> <span class='ocrx_word' id='word_1_189' title='bbox 1060 2744 1208 2808; x_wconf 88' lang='lat' dir='ltr'>sentiam.</span> <span class='ocrx_word' id='word_1_190' title='bbox 1254 2743 1307 2808; x_wconf 85' lang='lat' dir='ltr'>Ad</span> <span class='ocrx_word' id='word_1_191' title='bbox 1328 2743 1366 2808; x_wconf 83' lang='lat' dir='ltr'>M.</span> <span class='ocrx_word' id='word_1_192' title='bbox 1385 2741 1441 2802; x_wconf 71' lang='lat' dir='ltr'>enit</span> 
     </span>
     <span class='ocr_line' id='line_1_24' title="bbox 336 2850 1443 2934; baseline -0.005 -20"><span class='ocrx_word' id='word_1_193' title='bbox 336 2851 514 2915; x_wconf 90' lang='lat' dir='ltr'>Minucium</span> <span class='ocrx_word' id='word_1_194' title='bbox 542 2850 708 2915; x_wconf 89' lang='lat' dir='ltr'>consulem</span> <span class='ocrx_word' id='word_1_195' title='bbox 736 2873 763 2914; x_wconf 92' lang='lat' dir='ltr'>a.</span> <span class='ocrx_word' id='word_1_196' title='bbox 783 2850 861 2933; x_wconf 87' lang='grc'>533,</span> <span class='ocrx_word' id='word_1_197' title='bbox 894 2850 1087 2934; x_wconf 86' lang='lat' dir='ltr'>magistrum</span> <span class='ocrx_word' id='word_1_198' title='bbox 1115 2851 1262 2934; x_wconf 87' lang='lat' dir='ltr'>equitum</span> <span class='ocrx_word' id='word_1_199' title='bbox 1285 2873 1313 2914; x_wconf 85' lang='lat' dir='ltr'>a</span> <span class='ocrx_word' id='word_1_200' title='bbox 1330 2850 1393 2930; x_wconf 76' lang='grc'>533,</span> <span class='ocrx_word' id='word_1_201' title='bbox 1414 2865 1443 2907; x_wconf 78' lang='lat' dir='ltr'>n</span> 
     </span>
    </p>
   </div>
   <div class='ocr_carea' id='block_1_3' title="bbox 335 2949 1476 3468">
    <p class='ocr_par' dir='ltr' id='par_1_4' title="bbox 335 2949 1476 3468">
     <span class='ocr_line' id='line_1_25' title="bbox 335 2949 1441 3039; baseline -0.002 -21"><span class='ocrx_word' id='word_1_202' title='bbox 335 2977 447 3020; x_wconf 83' lang='lat' dir='ltr'>versus</span> <span class='ocrx_word' id='word_1_203' title='bbox 471 2956 574 3020; x_wconf 84' lang='lat' dir='ltr'>fastos</span> <span class='ocrx_word' id='word_1_204' title='bbox 600 2953 802 3039; x_wconf 83' lang='lat' dir='ltr'>Capitolinos</span> <span class='ocrx_word' id='word_1_205' title='bbox 830 2957 953 3039; x_wconf 91' lang='lat' dir='ltr'>culpat,</span> <span class='ocrx_word' id='word_1_206' title='bbox 983 2959 1020 3021; x_wconf 91' lang='lat' dir='ltr'>ut</span> <span class='ocrx_word' id='word_1_207' title='bbox 1047 2957 1080 3021; x_wconf 90' lang='lat' dir='ltr'>in</span> <span class='ocrx_word' id='word_1_208' title='bbox 1108 2955 1225 3039; x_wconf 84' lang='lat' dir='ltr'>quibus</span> <span class='ocrx_word' id='word_1_209' title='bbox 1248 2959 1399 3039; x_wconf 85' lang='lat' dir='ltr'>peccatum</span> <span class='ocrx_word' id='word_1_210' title='bbox 1416 2949 1441 3010; x_wconf 74' lang='lat'>⁵31</span> 
     </span>
     <span class='ocr_line' id='line_1_26' title="bbox 337 3060 1442 3148; baseline -0.003 -23"><span class='ocrx_word' id='word_1_211' title='bbox 337 3061 497 3127; x_wconf 72' lang='lat' dir='ltr'>u-F-cn</span> <span class='ocrx_word' id='word_1_212' title='bbox 507 3085 565 3146; x_wconf 91' lang='lat' dir='ltr'>pro</span> <span class='ocrx_word' id='word_1_213' title='bbox 582 3085 619 3127; x_wconf 92' lang='lat' dir='ltr'>eo</span> <span class='ocrx_word' id='word_1_214' title='bbox 634 3062 719 3146; x_wconf 91' lang='lat' dir='ltr'>quod</span> <span class='ocrx_word' id='word_1_215' title='bbox 733 3084 803 3127; x_wconf 88' lang='lat' dir='ltr'>esse</span> <span class='ocrx_word' id='word_1_216' title='bbox 818 3060 984 3128; x_wconf 61' lang='lat' dir='ltr'>Ono-N</span> <span class='ocrx_word' id='word_1_217' title='bbox 995 3062 1154 3127; x_wconf 83' lang='lat' dir='ltr'>debuerit:</span> <span class='ocrx_word' id='word_1_218' title='bbox 1169 3061 1295 3146; x_wconf 87' lang='lat' dir='ltr'>quodsi</span> <span class='ocrx_word' id='word_1_219' title='bbox 1309 3081 1442 3148; x_wconf 73' lang='lat' dir='ltr'>eguaus&#39;c</span> 
     </span>
     <span class='ocr_line' id='line_1_27' title="bbox 336 3167 1440 3253; baseline -0.001 -24"><span class='ocrx_word' id='word_1_220' title='bbox 336 3189 449 3252; x_wconf 77' lang='lat' dir='ltr'>essem,</span> <span class='ocrx_word' id='word_1_221' title='bbox 463 3169 516 3232; x_wconf 82' lang='lat' dir='ltr'>vix</span> <span class='ocrx_word' id='word_1_222' title='bbox 531 3173 609 3252; x_wconf 91' lang='lat' dir='ltr'>puto</span> <span class='ocrx_word' id='word_1_223' title='bbox 625 3169 800 3233; x_wconf 86' lang='lat' dir='ltr'>violentiae</span> <span class='ocrx_word' id='word_1_224' title='bbox 815 3169 935 3233; x_wconf 90' lang='lat' dir='ltr'>crimen</span> <span class='ocrx_word' id='word_1_225' title='bbox 950 3168 1144 3252; x_wconf 86' lang='lat' dir='ltr'>effugissem.</span> <span class='ocrx_word' id='word_1_226' title='bbox 1167 3167 1255 3233; x_wconf 84' lang='lat' dir='ltr'>Nam</span> <span class='ocrx_word' id='word_1_227' title='bbox 1271 3170 1345 3253; x_wconf 91' lang='lat' dir='ltr'>quin</span> <span class='ocrx_word' id='word_1_228' title='bbox 1360 3183 1440 3245; x_wconf 71' lang='lat' dir='ltr'>reapar</span> 
     </span>
     <span class='ocr_line' id='line_1_28' title="bbox 336 3264 1441 3360; baseline 0 -26"><span class='ocrx_word' id='word_1_229' title='bbox 336 3271 415 3336; x_wconf 58' lang='lat' dir='ltr'>Lu*</span> <span class='ocrx_word' id='word_1_230' title='bbox 439 3275 595 3357; x_wconf 88' lang='lat' dir='ltr'>scriptum</span> <span class='ocrx_word' id='word_1_231' title='bbox 625 3278 709 3340; x_wconf 89' lang='lat' dir='ltr'>esset</span> <span class='ocrx_word' id='word_1_232' title='bbox 738 3276 770 3339; x_wconf 88' lang='lat' dir='ltr'>in</span> <span class='ocrx_word' id='word_1_233' title='bbox 794 3273 906 3357; x_wconf 85' lang='lat' dir='ltr'>fastis,</span> <span class='ocrx_word' id='word_1_234' title='bbox 932 3278 1001 3339; x_wconf 91' lang='lat' dir='ltr'>tum</span> <span class='ocrx_word' id='word_1_235' title='bbox 1024 3275 1155 3359; x_wconf 91' lang='lat' dir='ltr'>quidem</span> <span class='ocrx_word' id='word_1_236' title='bbox 1178 3264 1252 3340; x_wconf 86' lang='lat' dir='ltr'>cum</span> <span class='ocrx_word' id='word_1_237' title='bbox 1281 3295 1339 3360; x_wconf 82' lang='lat' dir='ltr'>ego</span> <span class='ocrx_word' id='word_1_238' title='bbox 1358 3271 1441 3350; x_wconf 67' lang='lat' dir='ltr'>scripu</span> 
     </span>
     <span class='ocr_line' id='line_1_29' title="bbox 335 3379 1476 3468; baseline 0.003 -27"><span class='ocrx_word' id='word_1_239' title='bbox 335 3379 531 3444; x_wconf 86' lang='lat' dir='ltr'>dubitationi</span> <span class='ocrx_word' id='word_1_240' title='bbox 551 3383 727 3447; x_wconf 83' lang='lat' dir='ltr'>obnoxium</span> <span class='ocrx_word' id='word_1_241' title='bbox 746 3403 815 3445; x_wconf 88' lang='lat' dir='ltr'>esse</span> <span class='ocrx_word' id='word_1_242' title='bbox 835 3404 967 3465; x_wconf 88' lang='lat' dir='ltr'>prorsus</span> <span class='ocrx_word' id='word_1_243' title='bbox 984 3403 1050 3446; x_wconf 89' lang='lat' dir='ltr'>nou</span> <span class='ocrx_word' id='word_1_244' title='bbox 1069 3381 1191 3465; x_wconf 87' lang='lat' dir='ltr'>potuit,</span> <span class='ocrx_word' id='word_1_245' title='bbox 1215 3387 1375 3468; x_wconf 86' lang='lat' dir='ltr'>postquam</span> <span class='ocrx_word' id='word_1_246' title='bbox 1389 3393 1439 3438; x_wconf 66' lang='lat' dir='ltr'>effi</span> <span class='ocrx_word' id='word_1_247' title='bbox 1475 3449 1476 3456; x_wconf 16' lang='lat'>¹</span> 
     </span>
    </p>
   </div>
   <div class='ocr_carea' id='block_1_4' title="bbox 333 3567 1436 4525">
    <p class='ocr_par' dir='ltr' id='par_1_5' title="bbox 333 3567 1436 4525">
     <span class='ocr_line' id='line_1_30' title="bbox 423 3567 1436 3640; baseline 0 -14"><span class='ocrx_word' id='word_1_248' title='bbox 423 3573 447 3640; x_wconf 70' lang='lat'>⁸)</span> <span class='ocrx_word' id='word_1_249' title='bbox 467 3572 524 3627; x_wconf 91' lang='lat' dir='ltr'>Nec</span> <span class='ocrx_word' id='word_1_250' title='bbox 544 3573 618 3627; x_wconf 89' lang='lat' dir='ltr'>enim</span> <span class='ocrx_word' id='word_1_251' title='bbox 637 3573 702 3627; x_wconf 90' lang='lat' dir='ltr'>anni</span> <span class='ocrx_word' id='word_1_252' title='bbox 722 3582 772 3629; x_wconf 85' lang='grc'>441</span> <span class='ocrx_word' id='word_1_253' title='bbox 793 3574 915 3630; x_wconf 83' lang='lat' dir='ltr'>dictator</span> <span class='ocrx_word' id='word_1_254' title='bbox 929 3575 958 3629; x_wconf 88' lang='lat' dir='ltr'>C.</span> <span class='ocrx_word' id='word_1_255' title='bbox 973 3575 1113 3630; x_wconf 83' lang='lat' dir='ltr'>Poetelius</span> <span class='ocrx_word' id='word_1_256' title='bbox 1133 3573 1163 3629; x_wconf 82' lang='lat' dir='ltr'>C.</span> <span class='ocrx_word' id='word_1_257' title='bbox 1182 3574 1200 3629; x_wconf 86' lang='lat' dir='ltr'>l.</span> <span class='ocrx_word' id='word_1_258' title='bbox 1221 3574 1250 3630; x_wconf 82' lang='lat' dir='ltr'>C.</span> <span class='ocrx_word' id='word_1_259' title='bbox 1271 3593 1297 3629; x_wconf 92' lang='lat' dir='ltr'>n.</span> <span class='ocrx_word' id='word_1_260' title='bbox 1316 3567 1436 3628; x_wconf 71' lang='lat' dir='ltr'>Libol‘is-</span> 
     </span>
     <span class='ocr_line' id='line_1_31' title="bbox 334 3655 1434 3732; baseline -0.004 -18"><span class='ocrx_word' id='word_1_261' title='bbox 334 3663 376 3716; x_wconf 86' lang='lat' dir='ltr'>lue</span> <span class='ocrx_word' id='word_1_262' title='bbox 397 3663 464 3716; x_wconf 85' lang='lat' dir='ltr'>satis</span> <span class='ocrx_word' id='word_1_263' title='bbox 484 3679 598 3716; x_wconf 88' lang='lat' dir='ltr'>caussae</span> <span class='ocrx_word' id='word_1_264' title='bbox 622 3663 704 3718; x_wconf 85' lang='lat' dir='ltr'>video</span> <span class='ocrx_word' id='word_1_265' title='bbox 728 3682 777 3716; x_wconf 85' lang='lat' dir='ltr'>our</span> <span class='ocrx_word' id='word_1_266' title='bbox 795 3663 951 3719; x_wconf 84' lang='lat' dir='ltr'>necessario</span> <span class='ocrx_word' id='word_1_267' title='bbox 977 3663 1048 3718; x_wconf 85' lang='lat' dir='ltr'>alius</span> <span class='ocrx_word' id='word_1_268' title='bbox 1071 3662 1202 3716; x_wconf 86' lang='lat' dir='ltr'>credatur</span> <span class='ocrx_word' id='word_1_269' title='bbox 1227 3666 1310 3732; x_wconf 82' lang='lat' dir='ltr'>atque</span> <span class='ocrx_word' id='word_1_270' title='bbox 1331 3655 1434 3716; x_wconf 63' lang='lat' dir='ltr'>consula</span> 
     </span>
     <span class='ocr_line' id='line_1_32' title="bbox 334 3741 1432 3820; baseline 0 -18"><span class='ocrx_word' id='word_1_271' title='bbox 334 3756 393 3806; x_wconf 80' lang='lat'>408.</span> <span class='ocrx_word' id='word_1_272' title='bbox 414 3754 506 3820; x_wconf 73' lang='grc'>(4213)</span> <span class='ocrx_word' id='word_1_273' title='bbox 526 3757 586 3807; x_wconf 75' lang='lat'>428.</span> <span class='ocrx_word' id='word_1_274' title='bbox 626 3752 683 3806; x_wconf 84' lang='lat' dir='ltr'>Nec</span> <span class='ocrx_word' id='word_1_275' title='bbox 703 3752 856 3820; x_wconf 83' lang='lat' dir='ltr'>dubitavit,</span> <span class='ocrx_word' id='word_1_276' title='bbox 882 3752 953 3806; x_wconf 86' lang='lat' dir='ltr'>alios</span> <span class='ocrx_word' id='word_1_277' title='bbox 972 3756 1003 3806; x_wconf 89' lang='lat' dir='ltr'>ut</span> <span class='ocrx_word' id='word_1_278' title='bbox 1021 3753 1142 3819; x_wconf 68' lang='lat' dir='ltr'>mecam,</span> <span class='ocrx_word' id='word_1_279' title='bbox 1168 3751 1332 3806; x_wconf 84' lang='lat' dir='ltr'>Niebubrius</span> <span class='ocrx_word' id='word_1_280' title='bbox 1348 3741 1432 3802; x_wconf 63' lang='grc' dir='ltr'>[ΕΑΒ</span> 
     </span>
     <span class='ocr_line' id='line_1_33' title="bbox 333 3832 1435 3910; baseline 0 -20"><span class='ocrx_word' id='word_1_281' title='bbox 333 3839 371 3890; x_wconf 90' lang='lat' dir='ltr'>lll</span> <span class='ocrx_word' id='word_1_282' title='bbox 391 3857 417 3908; x_wconf 92' lang='lat' dir='ltr'>p.</span> <span class='ocrx_word' id='word_1_283' title='bbox 435 3846 493 3894; x_wconf 80' lang='lat'>178.</span> <span class='ocrx_word' id='word_1_284' title='bbox 514 3846 574 3892; x_wconf 83' lang='grc'>343.</span> <span class='ocrx_word' id='word_1_285' title='bbox 604 3838 709 3903; x_wconf 84' lang='lat' dir='ltr'>Quodsi</span> <span class='ocrx_word' id='word_1_286' title='bbox 727 3841 769 3894; x_wconf 88' lang='lat' dir='ltr'>ita</span> <span class='ocrx_word' id='word_1_287' title='bbox 786 3841 905 3895; x_wconf 88' lang='lat' dir='ltr'>nimium</span> <span class='ocrx_word' id='word_1_288' title='bbox 924 3841 996 3895; x_wconf 85' lang='lat' dir='ltr'>inter</span> <span class='ocrx_word' id='word_1_289' title='bbox 1014 3841 1134 3910; x_wconf 88' lang='lat' dir='ltr'>primum</span> <span class='ocrx_word' id='word_1_290' title='bbox 1154 3841 1325 3895; x_wconf 80' lang='lat' dir='ltr'>consulatum</span> <span class='ocrx_word' id='word_1_291' title='bbox 1342 3832 1435 3892; x_wconf 55' lang='lat' dir='ltr'>ellim·</span> 
     </span>
     <span class='ocr_line' id='line_1_34' title="bbox 333 3926 1433 3996; baseline -0.001 -17"><span class='ocrx_word' id='word_1_292' title='bbox 333 3929 425 3980; x_wconf 85' lang='lat' dir='ltr'>turam</span> <span class='ocrx_word' id='word_1_293' title='bbox 449 3944 585 3982; x_wconf 85' lang='lat' dir='ltr'>annorum</span> <span class='ocrx_word' id='word_1_294' title='bbox 613 3927 792 3982; x_wconf 81' lang='lat' dir='ltr'>intervallum</span> <span class='ocrx_word' id='word_1_295' title='bbox 815 3928 987 3983; x_wconf 82' lang='lat' dir='ltr'>intercedere</span> <span class='ocrx_word' id='word_1_296' title='bbox 1011 3929 1113 3984; x_wconf 76' lang='lat' dir='ltr'>dixeris</span> <span class='ocrx_word' id='word_1_297' title='bbox 1136 3945 1220 3996; x_wconf 86' lang='lat' dir='ltr'>quam</span> <span class='ocrx_word' id='word_1_298' title='bbox 1243 3927 1314 3996; x_wconf 89' lang='lat' dir='ltr'>quod</span> <span class='ocrx_word' id='word_1_299' title='bbox 1334 3926 1357 3978; x_wconf 88' lang='lat' dir='ltr'>iu</span> <span class='ocrx_word' id='word_1_300' title='bbox 1374 3933 1433 3973; x_wconf 65' lang='lat' dir='ltr'>unffi</span> 
     </span>
     <span class='ocr_line' id='line_1_35' title="bbox 334 4005 1426 4086; baseline -0.004 -16"><span class='ocrx_word' id='word_1_301' title='bbox 334 4017 475 4070; x_wconf 91' lang='lat' dir='ltr'>bominem</span> <span class='ocrx_word' id='word_1_302' title='bbox 495 4019 539 4071; x_wconf 85' lang='lat' dir='ltr'>eat</span> <span class='ocrx_word' id='word_1_303' title='bbox 558 4017 702 4070; x_wconf 90' lang='lat' dir='ltr'>commode</span> <span class='ocrx_word' id='word_1_304' title='bbox 722 4017 881 4072; x_wconf 87' lang='lat' dir='ltr'>conveniat:</span> <span class='ocrx_word' id='word_1_305' title='bbox 906 4019 937 4071; x_wconf 89' lang='lat' dir='ltr'>at</span> <span class='ocrx_word' id='word_1_306' title='bbox 956 4016 1128 4071; x_wconf 86' lang='lat' dir='ltr'>simillimum</span> <span class='ocrx_word' id='word_1_307' title='bbox 1148 4017 1303 4086; x_wconf 85' lang='lat' dir='ltr'>exemplum</span> <span class='ocrx_word' id='word_1_308' title='bbox 1320 4012 1385 4066; x_wconf 70' lang='lat' dir='ltr'>maa</span> <span class='ocrx_word' id='word_1_309' title='bbox 1398 4005 1426 4054; x_wconf 66' lang='lat' dir='ltr'>st</span> 
     </span>
     <span class='ocr_line' id='line_1_36' title="bbox 334 4099 1432 4172; baseline -0.002 -16"><span class='ocrx_word' id='word_1_310' title='bbox 334 4105 426 4159; x_wconf 82' lang='lat' dir='ltr'>Fulvii</span> <span class='ocrx_word' id='word_1_311' title='bbox 446 4104 494 4158; x_wconf 85' lang='lat' dir='ltr'>Cu.</span> <span class='ocrx_word' id='word_1_312' title='bbox 509 4106 527 4162; x_wconf 84' lang='lat' dir='ltr'>s.</span> <span class='ocrx_word' id='word_1_313' title='bbox 544 4107 591 4160; x_wconf 90' lang='lat' dir='ltr'>Cu.</span> <span class='ocrx_word' id='word_1_314' title='bbox 608 4125 633 4160; x_wconf 94' lang='lat' dir='ltr'>u.</span> <span class='ocrx_word' id='word_1_315' title='bbox 650 4107 765 4160; x_wconf 84' lang='lat' dir='ltr'>llaximi</span> <span class='ocrx_word' id='word_1_316' title='bbox 780 4106 938 4162; x_wconf 89' lang='lat' dir='ltr'>Centumali</span> <span class='ocrx_word' id='word_1_317' title='bbox 957 4105 1077 4160; x_wconf 87' lang='lat' dir='ltr'>consulis</span> <span class='ocrx_word' id='word_1_318' title='bbox 1096 4122 1121 4159; x_wconf 82' lang='lat' dir='ltr'>a.</span> <span class='ocrx_word' id='word_1_319' title='bbox 1136 4112 1197 4172; x_wconf 85' lang='grc'>456,</span> <span class='ocrx_word' id='word_1_320' title='bbox 1216 4101 1349 4158; x_wconf 84' lang='lat' dir='ltr'>dictatoris</span> <span class='ocrx_word' id='word_1_321' title='bbox 1363 4099 1432 4150; x_wconf 56' lang='grc' dir='ltr'>ΗΜ·</span> 
     </span>
     <span class='ocr_line' id='line_1_37' title="bbox 333 4191 1430 4260; baseline -0.004 -16"><span class='ocrx_word' id='word_1_322' title='bbox 333 4210 415 4260; x_wconf 85' lang='lat' dir='ltr'>quem</span> <span class='ocrx_word' id='word_1_323' title='bbox 439 4197 533 4247; x_wconf 86' lang='lat' dir='ltr'>tamen</span> <span class='ocrx_word' id='word_1_324' title='bbox 557 4194 586 4247; x_wconf 91' lang='lat' dir='ltr'>in</span> <span class='ocrx_word' id='word_1_325' title='bbox 610 4212 665 4248; x_wconf 88' lang='lat' dir='ltr'>nou</span> <span class='ocrx_word' id='word_1_326' title='bbox 690 4195 877 4248; x_wconf 87' lang='lat' dir='ltr'>consularium</span> <span class='ocrx_word' id='word_1_327' title='bbox 900 4195 1068 4248; x_wconf 86' lang='lat' dir='ltr'>dictatorum</span> <span class='ocrx_word' id='word_1_328' title='bbox 1094 4211 1209 4248; x_wconf 87' lang='lat' dir='ltr'>numero</span> <span class='ocrx_word' id='word_1_329' title='bbox 1233 4191 1430 4247; x_wconf 68' lang='lat' dir='ltr'>uenenum-1·</span> 
     </span>
     <span class='ocr_line' id='line_1_38' title="bbox 334 4270 1431 4351; baseline 0.007 -19"><span class='ocrx_word' id='word_1_330' title='bbox 334 4280 445 4348; x_wconf 88' lang='lat' dir='ltr'>quidem</span> <span class='ocrx_word' id='word_1_331' title='bbox 461 4283 578 4337; x_wconf 88' lang='lat' dir='ltr'>rettulit.</span> <span class='ocrx_word' id='word_1_332' title='bbox 609 4283 644 4336; x_wconf 83' lang='lat' dir='ltr'>Et</span> <span class='ocrx_word' id='word_1_333' title='bbox 663 4283 698 4337; x_wconf 87' lang='lat' dir='ltr'>ad</span> <span class='ocrx_word' id='word_1_334' title='bbox 718 4283 809 4351; x_wconf 90' lang='lat' dir='ltr'>ipsum</span> <span class='ocrx_word' id='word_1_335' title='bbox 824 4283 980 4337; x_wconf 87' lang='lat' dir='ltr'>dictaturae</span> <span class='ocrx_word' id='word_1_336' title='bbox 999 4300 1099 4336; x_wconf 85' lang='lat' dir='ltr'>munus</span> <span class='ocrx_word' id='word_1_337' title='bbox 1117 4279 1348 4338; x_wconf 74' lang='lat' dir='ltr'>administrandum</span> <span class='ocrx_word' id='word_1_338' title='bbox 1359 4270 1431 4340; x_wconf 70' lang='lat' dir='ltr'>qnia</span> 
     </span>
     <span class='ocr_line' id='line_1_39' title="bbox 335 4357 1427 4440; baseline -0.006 -20"><span class='ocrx_word' id='word_1_339' title='bbox 335 4369 483 4423; x_wconf 86' lang='lat' dir='ltr'>multorum</span> <span class='ocrx_word' id='word_1_340' title='bbox 504 4389 638 4426; x_wconf 82' lang='lat' dir='ltr'>annorum</span> <span class='ocrx_word' id='word_1_341' title='bbox 660 4390 755 4440; x_wconf 78' lang='lat' dir='ltr'>senex,</span> <span class='ocrx_word' id='word_1_342' title='bbox 776 4370 859 4424; x_wconf 86' lang='lat' dir='ltr'>ruodo</span> <span class='ocrx_word' id='word_1_343' title='bbox 878 4388 931 4424; x_wconf 89' lang='lat' dir='ltr'>uon</span> <span class='ocrx_word' id='word_1_344' title='bbox 947 4369 1105 4440; x_wconf 85' lang='lat' dir='ltr'>decrepitus</span> <span class='ocrx_word' id='word_1_345' title='bbox 1120 4388 1215 4440; x_wconf 84' lang='lat' dir='ltr'>senex,</span> <span class='ocrx_word' id='word_1_346' title='bbox 1234 4357 1427 4440; x_wconf 69' lang='lat' dir='ltr'>poaiaimprlm·</span> 
     </span>
     <span class='ocr_line' id='line_1_40' title="bbox 333 4459 541 4525; baseline 0.01 -15"><span class='ocrx_word' id='word_1_347' title='bbox 333 4459 416 4525; x_wconf 88' lang='lat' dir='ltr'>aptus</span> <span class='ocrx_word' id='word_1_348' title='bbox 435 4459 541 4512; x_wconf 80' lang='lat' dir='ltr'>videri?</span> 
     </span>
    </p>
   </div>
   <div class='ocr_carea' id='block_1_5' title="bbox 0 0 1496 5120">
    <p class='ocr_par' dir='ltr' id='par_1_6' title="bbox 0 0 1496 5120">
     <span class='ocr_line' id='line_1_41' title="bbox 0 0 1496 5120; baseline 0 0"><span class='ocrx_word' id='word_1_349' title='bbox 0 0 1496 5120; x_wconf 95' lang='lat' dir='ltr'> </span> 
     </span>
    </p>
   </div>
  </div>
 </body>
</html>
