2972 5120
322 283 387 346 534
439 315 443 322 ,
557 297 700 345 rauscun
725 298 948 346 uuunuruuus
973 273 1231 346 drucnurrncuu

322 441 474 523 lentiam,
498 463 594 524 quarn
619 463 691 505 cum
716 463 774 505 sua
793 441 1061 526 interpretatione
1081 463 1151 506 esse
1171 441 1358 506 coniumctan
1377 467 1426 508 seu-

322 549 379 632 sit,
410 548 613 630 aliquatenus
643 549 787 612 excusari
815 549 908 613 dicat.
956 547 1096 614 Gravius
1120 548 1223 614 uideri
1249 553 1348 632 potest
1367 552 1429 634 quud

323 655 492 738 adipsum
517 658 642 718 castum
668 658 807 737 spectat:
841 655 925 719 huno
954 655 1054 740 enim,
1085 656 1141 740 qui
1164 655 1351 720 Graecorum
1370 657 1433 721 iuter

323 762 488 828 Romanos
518 783 684 825 sacrorum
714 762 865 846 proprius
888 751 987 826 fuerit
1010 767 1046 827 ut
1068 762 1249 828 Isiacorum
1271 761 1435 848 Cererisque,

322 891 387 933 non
415 891 510 952 posse
538 891 603 933 non
632 867 792 932 offendere
822 866 903 932 ‘iam
931 869 1129 934 translatum
1156 870 1198 934 ad
1226 869 1366 953 quintum
1390 893 1435 934 ser·

322 979 431 1040 tumve
455 975 545 1038 urbis
570 975 733 1039 saeculum
762 978 795 1038 et
822 975 862 1039 ad
887 997 979 1040 sacra
1001 975 1136 1041 Iunonis
1159 975 1312 1058 Lucinae,
1339 976 1436 1040 deaesi

324 1105 387 1167 qua
411 1081 476 1145 alia
504 1086 553 1146 est
580 1081 676 1164 piane
700 1079 889 1146 Romanae’.
935 1081 981 1145 Eu
1004 1083 1044 1146 ad
1069 1085 1209 1146 aetatem
1233 1082 1357 1166 quidem
1377 1083 1436 1166 quud

325 1190 455 1272 attinet,
488 1189 588 1253 miror
616 1187 853 1253 biommsenum
883 1211 994 1252 eorum
1024 1189 1163 1253 oblitum
1191 1211 1262 1252 esse
1292 1211 1366 1273 quae
1391 1189 1436 1271 ipse

324 1297 541 1380 adscripserat
560 1295 656 1360 titulo
673 1294 803 1359 ‘litteris
825 1296 1061 1380 antiquissimis
1081 1296 1215 1382 scripto’
1229 1320 1261 1361 n.
1272 1298 1332 1362 811
1349 1318 1375 1379 p.
1385 1297 1438 1358 rut:

324 1401 507 1486 ‘legendum
532 1403 672 1466 fortasse
695 1401 883 1466 eusebes
908 1402 1042 1481 OAstoe,
1071 1425 1108 1468 eo
1133 1393 1238 1488 magis
1263 1402 1346 1488 quod
1367 1409 1438 1466 sustu

324 1507 442 1574 Cereris
475 1532 541 1574 non
570 1512 668 1574 semel
701 1510 889 1574 nominatur
917 1508 971 1594 (cf.
989 1508 1080 1582 Fest.
1104 1533 1135 1594 p.
1158 1511 1219 1575 154
1251 1533 1279 1575 v.
1302 1510 1438 1574 minuitur:

324 1614 591 1700 Arnob.·5,16).’
638 1615 686 1680 Ac
710 1616 865 1700 profecto,
889 1618 918 1680 si
941 1638 1052 1680 verum
1075 1616 1224 1682 volumus
1248 1615 1356 1700 fateri,
1376 1639 1392 1682 a
1409 1636 1438 1678 re

325 1723 427 1806 ceptis
457 1722 548 1786 libris
578 1721 761 1804 Sibyllinis,
796 1724 847 1786 vel
875 1727 912 1786 ut
939 1722 1123 1786 distinctius
1154 1722 1283 1806 loquar,
1319 1721 1438 1786 amedu

324 1830 426 1893 ferme
449 1829 577 1892 saeculo
600 1829 698 1892 tertio
724 1829 763 1892 ad
789 1829 894 1912 quinti
918 1829 1062 1912 sentique
1086 1827 1225 1892 confinia
1246 1831 1298 1892 sat
1318 1848 1438 1912 maguuu

324 1935 479 2018 temporis
511 1934 655 2017 spatium
687 1934 944 2017 praeterlapsum
978 1939 1059 2016 erat,
1093 1956 1155 2019 quo
1185 1955 1258 1998 cum
1287 1933 1353 2017 ipso
1377 1932 1439 1996 cultu

325 2039 451 2104 Cereris
476 2039 575 2104 etiam
595 2037 735 2104 Graecus
759 2041 842 2104 ritus
867 2041 1130 2104 increbresceret:
1155 2039 1261 2124 quode
1281 2040 1372 2123 digna
1387 2057 1437 2101 suus

326 2167 405 2228 quae
430 2147 638 2210 conferantur
666 2146 846 2230 composita
876 2169 895 2210 a
917 2144 1128 2230 Marquardto
1150 2146 1336 2210 testimonia
1357 2145 1438 2228 Antio,

324 2253 418 2316 Rom.
443 2251 595 2316 enchirid.
619 2256 642 2316 t.
661 2252 708 2316 IV
732 2275 761 2336 p.
777 2253 841 2316 309
858 2274 904 2336 sq.
946 2251 1052 2328 Quid?
1078 2253 1162 2337 quod
1186 2253 1293 2336 ipsum
1316 2253 1438 2318 ieiuniun

325 2360 390 2422 iarn
415 2359 650 2443 antiquissimis
675 2359 774 2422 saeris
799 2357 926 2422 Cereris
956 2359 1055 2422 certis
1079 2358 1187 2422 verbis
1212 2357 1378 2442 Dionysius
1397 2357 1437 2420 br·

326 2464 485 2530 chasoil
510 2488 535 2530 c.
555 2467 597 2529 33
621 2466 752 2529 tribuit:
780 2467 948 2544 ‘ubpdcauuo
977 2467 1013 2529 δὲ
1037 2467 1089 2529 καὶ
1111 2466 1284 2544 Δήμητρος
1310 2465 1387 2543 ἱερὸν
1405 2467 1437 2524 uu

326 2573 381 2636 τὰ(
405 2573 510 2637 eucine
535 2574 614 2656 αὐτῇ
639 2573 690 2636 διὰ
713 2577 873 2650 γυναικῶν
903 2595 937 2638 τε
966 2574 1018 2637 καὶ
1046 2571 1262 2652 νηφαλίους
1290 2573 1392 2636 {butus
1409 2589 1437 2630 ur

325 2681 455 2758 ‘'Et-incr
480 2680 590 2758 νόμος,
615 2678 661 2744 ὧν
686 2680 782 2744 οὐδὲν
806 2679 824 2743 ὁ
848 2677 922 2744 καθ’
940 2681 1021 2759 ἡμᾶς
1039 2680 1156 2758 ἤλλαξε
1181 2679 1312 2756 χρόνοεε
1334 2677 1380 2762 qui
1396 2675 1436 2738 esi

326 2787 363 2849 de
389 2787 502 2870 templi
527 2789 688 2850 uetustate
714 2787 854 2851 somniat
878 2807 968 2870 sane,
995 2789 1105 2850 tamen
1129 2786 1237 2870 ipsum
1261 2787 1353 2850 ritum
1373 2807 1388 2846 a
1405 2803 1435 2844 rr·

326 2893 478 2957 centioris
508 2894 636 2956 demum
668 2893 784 2957 aetatis
814 2893 1011 2979 cogitatione
1044 2894 1153 2976 aperte
1183 2895 1339 2976 segregat.
1377 2887 1435 2952 Nan

326 3000 411 3083 quod
441 3022 525 3064 anno
550 3023 579 3062 u.
603 3020 628 3062 c.
649 2999 713 3062 563
744 2997 909 3062 ‘ieiunium
942 2998 1177 3062 instituendum
1206 2995 1315 3061 Cereri
1340 3018 1396 3060 esse
1416 3005 1435 3054 et

327 3107 358 3168 id
382 3105 495 3189 quinto
520 3127 645 3189 quoque
671 3127 755 3169 armo
776 3103 980 3168 seruandum'
1000 3104 1174 3170 decemviri
1193 3104 1295 3169 sacris
1313 3097 1434 3166 faciundis

327 3212 554 3274 renuntiarunt
576 3207 661 3276 t'este
680 3211 773 3276 Livio
793 3211 948 3295 XXXVI,
966 3213 1018 3295 37,
1041 3213 1073 3276 id
1096 3234 1169 3276 cunr
1193 3211 1233 3274 de
1256 3211 1347 3274 certis
1363 3207 1434 3272 saeris

328 3318 619 3402 quinquennalibus
657 3319 935 3404 interpretandum
973 3319 1029 3402 sit,
1066 3339 1124 3384 nec
1161 3318 1323 3402 priuatum
1356 3311 1433 3380 ieiuni

328 3447 421 3488 usum
444 3414 481 3488 ae
504 3447 544 3487 ne
568 3426 732 3507 publicum
756 3425 884 3508 quidem
904 3426 1007 3489 multo
1027 3425 1242 3508 antiquiorem
1262 3423 1395 3490 excludit
1408 3454 1430 3464 ν

327 3533 375 3597 Ac
398 3536 526 3595 tantum
551 3531 678 3615 quidem
703 3532 741 3596 de
765 3536 855 3596 casta
879 3529 1016 3598 Cereris.
1063 3530 1200 3606 Qualem
1225 3537 1345 3598 castum
1366 3529 1431 3592 etiuu

328 3641 367 3704 ad
395 3639 551 3704 lunonem
580 3637 734 3702 Lucinam
763 3640 957 3703 translatum
989 3662 1058 3704 esse
1089 3640 1230 3723 scriptor
1261 3659 1334 3702 sane
1357 3636 1429 3700 nulus

327 3747 481 3830 prodidit,
510 3746 563 3808 sed
593 3749 875 3810 monumentorum
904 3766 1005 3829 genus
1033 3745 1147 3810 testari
1172 3745 1349 3826 uidebatur,
1374 3735 1428 3823 qu·i

327 3859 377 3918 tot
401 3854 621 3936 exemplorum
646 3853 852 3916 multitudine
876 3853 1031 3917 vicarium
1055 3854 1250 3936 scriptorum
1274 3849 1379 3937 experti
1397 3865 1426 3906 su·

330 3984 398 4025 mus
423 3961 544 4044 insigni
572 3960 687 4024 borum
716 3959 894 4024 studiorum
919 3959 1085 4040 beneficio,
1114 3958 1144 4024 b.
1169 3981 1195 4023 e.
1219 3955 1426 4044 epigraphicffl

328 4067 460 4152 Absque
485 4089 547 4151 quo
572 4072 671 4150 esset,
695 4072 775 4150 quot
795 4087 913 4149 quaeso
934 4088 985 4129 res
1010 4070 1042 4128 et
1061 4066 1144 4130 scitu
1164 4068 1197 4129 et
1210 4066 1326 4130 creditu
1342 4055 1424 4141 diem-r

208 4199 310 4237 ·xv11
328 4174 426 4237 simas
460 4173 707 4256 ignora-remus?
751 4172 790 4237 In
819 4194 881 4257 quo
909 4193 1025 4255 genere
1053 4171 1289 4236 concedendum
1318 4171 1356 4232 est
1377 4181 1423 4224 eru

329 4278 414 4361 dem,
447 4302 544 4362 quam
572 4279 605 4342 in
635 4279 797 4360 omnibus,
830 4279 935 4361 legem
965 4277 1087 4361 valere,
1118 4280 1155 4341 ur
1182 4299 1222 4340 ne
1250 4273 1319 4360 quid
1341 4267 1420 4333 audeat

330 4385 514 4449 coniectura
542 4384 627 4469 quod
656 4386 705 4450 vel
736 4386 819 4449 ratio
848 4385 899 4448 vel
928 4383 1123 4449 consuetudo
1152 4384 1202 4447 vel
1226 4389 1261 4447 ut
1281 4401 1334 4445 uno
1352 4371 1420 4436 verb·
