3040 5122
403 412 551 460 rr‘rvnvs
576 413 794 460 musurssvs.
1104 393 1163 457 107

45 559 285 622 hexametrorum
308 577 402 620 usum
426 555 568 620 nondum
591 554 733 620 habenti.
776 553 842 619 Noc
866 555 951 618 euim
975 553 1165 619 obliviscen-

42 665 102 728 dum
132 667 181 728 est
212 663 474 748 antiquissimum
506 661 566 726 boc
598 683 667 726 esse
700 663 733 726 in
766 661 983 726 monumentis
1016 682 1165 726 versuum

42 769 225 834 heroicorum
261 769 457 854 exemplum:
495 767 623 854 quando
656 769 817 853 elegiacos
849 767 884 832 in
905 766 974 862 ⁸Cn.
1006 765 1165 851 Scipionis

41 875 161 960 Hispani
192 877 339 963 sepulcro
373 897 484 942 versus
516 877 626 942 omnis
660 877 797 944 suadent
827 879 864 941 nt
895 875 1062 960 aliquanto
1092 879 1166 960 post

40 985 126 1048 iactos
156 1005 226 1049 esse
258 983 490 1050 existimemus.
535 981 640 1068 Igitur
663 983 725 1048 etsi
749 983 902 1068 exemplis
927 1006 946 1048 a
969 981 1166 1048 Schneidero

39 1113 157 1176 grmmn.
180 1091 236 1158 lat
259 1090 275 1157 1
298 1115 329 1176 p.
356 1091 419 1156 ΠΟ
442 1113 510 1177 sqq.
534 1097 567 1158 et
589 1113 691 1176 nuper
715 1115 734 1156 a
757 1091 963 1156 Lachmanno
987 1087 1167 1156 intuerer.

39 1223 61 1280 p.
80 1199 140 1263 412
164 1199 329 1284 congestis
358 1198 422 1263 alia
450 1219 551 1282 eaque
579 1221 617 1265 ar
648 1203 740 1283 parts
763 1198 855 1262 raldo
887 1197 1065 1282 singularia
1092 1197 1165 1262 addi

39 1329 68 1370 er
89 1305 352 1391 inscriptionibus
375 1311 522 1390 possunt,
545 1311 582 1370 ut
600 1305 784 1370 TABLEIS
803 1303 1026 1370 Taenarus
1046 1303 1166 1368 Auul-

39 1411 142 1476 t'LAM
166 1409 448 1488 SANDLARIVS
467 1411 605 1477 IVGRA
625 1418 658 1478 et
677 1413 762 1498 apud
781 1413 1016 1477 Mommsenum
1036 1409 1074 1476 de
1093 1409 1167 1475 dial.

38 1520 97 1584 Ital.
124 1543 153 1604 p.
182 1520 256 1586 282.
289 1519 355 1583 362
382 1517 577 1584 NVMSIVS
601 1518 773 1602 OFDIVS,
806 1519 857 1584 vel
886 1519 966 1584 adeo
994 1541 1011 1584 e
1040 1517 1166 1604 vulgari

38 1627 153 1711 linguae
173 1626 413 1708 consuetudine,
432 1631 469 1690 ut
486 1627 631 1692 Manlius
649 1649 687 1690 er
707 1627 863 1692 Manilius
882 1630 997 1710 ortum,
1020 1625 1167 1710 qumvis

38 1733 133 1798 fallaci
156 1733 265 1818 specie
293 1731 470 1798 diversum:
497 1737 606 1798 tamen
634 1733 666 1798 in
696 1755 761 1798 uno
784 1754 868 1798 nuno
893 1731 1082 1814 subsistam,
1106 1751 1169 1814 quo

38 1841 100 1923 quid
130 1839 265 1925 propius
298 1840 448 1904 accedere
480 1839 519 1904 ad
552 1839 756 1924 trisyllabum
782 1841 892 1922 facilia
925 1859 1035 1904 rocem
1065 1835 1169 1902 dicam

39 1969 92 2010 uon
113 1947 235 2012 habco:
265 1943 415 2012 1210le
440 1968 498 2031 pro
528 1944 692 2011 LICINIA
724 1945 866 2031 positum
894 1947 927 2010 in
958 1943 1170 2028 inscriptione

40 2054 145 2118 vetusti
165 2053 354 2118 columbarii
374 2053 457 2138 apud
482 2051 611 2138 Lupum
631 2051 736 2118 Soror.
757 2057 888 2137 martyr.
906 2075 936 2138 p.
956 2052 998 2116 93
1025 2049 1072 2132 [C.
1092 2051 1115 2115 1.
1136 2049 1170 2114 L.

40 2159 50 2221 l
78 2181 105 2224 ιι.
135 2161 214 2244 8923
253 2159 287 2224 P.
314 2158 349 2224 L.
382 2157 425 2223 M.
456 2159 494 2225 E.
521 2159 587 2226 tab.
620 2159 699 2244 XV,
734 2161 797 2240 ll].
825 2159 941 2224 Altera
977 2163 1084 2222 autem
1118 2157 1171 2222 via

39 2265 105 2330 haec
127 2269 178 2330 est
200 2271 237 2330 ιιι
260 2265 392 2330 omnino
415 2286 480 2330 non
504 2265 546 2329 sit
568 2287 627 2350 pro
651 2265 781 2350 dactylo
802 2266 922 2348 facilia,
945 2265 1000 2330 sed
1021 2287 1079 2350 pro
1095 2287 1170 2330 vero

42 2373 326 2454 proceleusmatico.
371 2369 502 2438 Novum
539 2395 616 2437 sane
654 2395 785 2438 narrare
823 2373 968 2456 videbor,
1005 2395 1078 2436 curu
1115 2371 1172 2436 ali·

42 2479 156 2561 quundo
178 2481 212 2544 in
236 2479 316 2544 duas
339 2479 452 2544 breves
472 2479 612 2544 solutam
632 2501 701 2544 essc
721 2479 820 2544 arsim
839 2479 1031 2563 dactylicam
1052 2478 1171 2544 dixero.

43 2584 114 2650 Nam
137 2607 209 2650 eum
233 2585 332 2670 vulgo
357 2607 489 2669 prorsus
513 2586 597 2650 inter
621 2607 655 2649 se
678 2585 817 2650 discreta
840 2584 919 2650 haec
938 2607 1056 2670 genera
1074 2583 1171 2650 habe·

43 2697 138 2758 antur:
166 2691 301 2758 liberius
329 2693 499 2776 prosodiae
529 2714 800 2778 numerorumque
833 2713 934 2776 genus
963 2693 997 2756 iu
1025 2691 1171 2756 versibus

43 2799 215 2884 euchaida,
239 2799 387 2864 iambicis
412 2799 589 2884 ceterisque
608 2799 773 2882 scaenicis,
791 2803 825 2864 et
850 2798 1003 2883 dactylici
1023 2797 1171 2862 hexame-

44 2907 77 2970 tri
99 2929 167 2972 cnm
184 2928 269 2971 novo
289 2905 460 2991 prosodiae
479 2905 649 2971 severioris
669 2925 785 2990 genere
806 2907 876 2982 ao.
894 2905 1001 2970 Ennio
1025 2904 1171 2968 invento:

46 3019 158 3094 practer
178 3012 259 3078 baec
282 3013 383 3078 etiam
406 3012 542 3078 mixtum
567 3035 605 3076 er
629 3012 681 3077 his
705 3033 806 3098 genus
826 3013 953 3077 exstitit
970 3011 1172 3077 hexametro·

47 3141 104 3184 mm
125 3143 193 3185 cnm
214 3119 361 3184 scaenica
381 3118 513 3184 licentia
532 3119 723 3204 prosodiaoa
742 3119 998 3201 coniunctorum,
1022 3116 1171 3204 qualibus
1182 3145 1226 3184 xv

48 3227 210 3312 antiquitus
235 3231 401 3310 tamquam
425 3225 546 3310 Pythia
569 3227 626 3291 illa
650 3226 734 3292 Itala
758 3249 816 3292 use
839 3231 889 3292 est
908 3226 1060 3310 Fortuna,
1079 3224 1172 3290 Prae·

50 3334 161 3398 neslina
186 3333 337 3414 maxime,
364 3333 447 3396 unde
474 3355 592 3398 nomen
618 3339 712 3399 sortes
735 3333 954 3399 Praenestinae
976 3327 1173 3416 invenere.*)

50 3437 139 3524 Atque
165 3439 198 3504 in
225 3439 290 3523 his,
323 3461 458 3525 quarum
487 3446 613 3525 partem
643 3440 782 3506 Orellius
812 3441 996 3526 composuit
1027 3463 1057 3505 n.
1086 3440 1174 3504 2485

50 3541 106 3609 lubi
138 3547 261 3632 corrige
297 3545 408 3612 Ndnc
447 3551 516 3630 [ιιι]
555 3551 611 3614 md
646 3549 813 3634 rogitem,
850 3571 949 3615 nuno
984 3545 1172 3612 cdusulis:

51 3653 179 3738 te‘mpns
203 3651 289 3718 abit
316 3653 404 3736 iam,
430 3659 462 3718 et
485 3653 627 3720 Laetus
652 3655 791 3720 lubens
814 3661 910 3741 pete:
941 3653 1040 3738 qudd
1063 3653 1172 3718 dabi-

52 3761 112 3842 ιιιι,
139 3761 326 3847 gaudebis
357 3759 539 3848 semper),
576 3763 683 3828 locum
714 3762 825 3828 datum
859 3783 928 3825 esse
961 3760 1060 3824 etiam
1091 3759 1173 3822 arsis

54 3865 200 3952 solutioni,
230 3872 360 3952 praeter
387 3869 452 3934 slis
479 3891 561 3955 quae
589 3869 767 3956 longiorem
793 3867 1045 3953 disputationem
1069 3865 1174 3950 requi·

56 3972 178 4058 murm,
206 3974 285 4040 baec
315 3975 463 4060 exempla
490 3975 681 4042 documento
705 3981 794 4054 sunt,
818 3997 899 4060 quac
922 3978 1063 4060 purgata
1086 3973 1174 4038 vitiis

57 4085 182 4163 apposui:

128 4259 151 4328 ⁸)
170 4261 253 4334 [Vide
270 4279 344 4318 nnnc
363 4261 392 4315 Ρ.
413 4261 442 4314 1..
461 4259 498 4314 Μ.
518 4261 548 4314 ld.
567 4261 624 4314 tab.
641 4260 664 4313 ll
686 4261 721 4314 M
730 4263 794 4330 —Q
812 4277 837 4314 m
856 4277 888 4326 n3
908 4257 935 4313 C.
954 4257 972 4312 l.
989 4257 1016 4310 L.
1039 4257 1089 4313 ln.
1107 4261 1174 4310 lasa

63 4349 128 4398 -145
147 4393 152 4404 ,
209 4395 216 4407 ,
272 4395 278 4406 ,
428 4381 438 4398 ,

112 4349 343 4509 *bsffougoi-em
363 4437 583 4508 disputationem
603 4437 667 4492 ride
686 4437 714 4492 in
733 4435 823 4494 Musei
842 4433 929 4494 Rbus.
953 4439 973 4492 t.
994 4435 1057 4492 XIV
1077 4453 1103 4508 p.
1123 4442 1174 4492 3811

65 4524 127 4576 -ua
144 4525 222 4592 (iufra
238 4545 264 4584 ιι.
283 4527 366 4600 XIV).
405 4527 433 4584 C.
454 4527 511 4599 W.]
