3008 5118
230 394 479 443 ruurronoumn
503 393 656 442 narrare
679 393 940 444 coaonnsmvn.
1095 377 1161 442 253

43 536 124 604 quibus
141 534 288 604 spondeum
306 535 421 592 liberius
440 553 528 606 genna
546 533 698 590 iambicum
713 521 894 602 concedebat,
912 533 1021 589 iambus
1038 535 1164 588 senalus

43 644 121 696 purus:
147 625 176 678 ul
194 641 248 679 non
267 641 327 680 ease
346 625 396 680 hos
416 643 511 680 versus
535 624 664 680 scaenica
686 624 818 680 libertale
840 623 930 679 factm
955 623 1099 692 probabile
1118 622 1163 678 sii.

43 714 189 768 leniendum
219 714 307 785 igitur
338 712 378 768 sic
410 714 516 784 polius:
550 713 664 770 ‘vohnl
695 713 832 784 gbltliche
865 713 946 768 Kena
974 729 1029 767 von
1061 711 1164 782 ewiger

42 803 115 856 Dauer
131 802 193 858 bei!

68 889 77 912 ⁹
126 891 197 958 Peg.
216 889 291 948 vul
311 905 378 960 sqq.
399 891 498 963 [supra
516 909 541 962 p.
557 897 609 945 245
624 889 698 960 sqq]
718 907 781 944 cum
801 889 865 944 aliie
884 889 1028 960 displicuit
1045 889 1163 944 insertus

41 997 104 1034 nme
120 983 180 1036 ante
199 981 402 1050 paenultimam
422 981 585 1048 versiculus,
604 984 665 1036 lum
683 981 870 1036 Mommsenor
896 996 986 1048 neque
1005 979 1035 1034 id
1053 978 1163 1034 iniuria

41 1069 218 1139 l’roposuitqne
236 1069 284 1124 bic
303 1071 395 1140 quarti
414 1071 451 1126 ab
469 1070 551 1125 initio
570 1088 665 1126 versus
684 1070 738 1126 boo
758 1069 996 1140 supplementum:
1014 1069 1164 1124 Moschis

39 1161 85 1212 lua
103 1161 132 1212 tc
149 1159 279 1214 saltitat
302 1162 335 1215 el
354 1160 454 1232 dpeir
477 1161 579 1232 uoleJ,
598 1163 631 1214 nl
649 1178 703 1215 uon
721 1162 863 1228 quattuor,
882 1159 931 1214 aed
949 1158 1034 1212 trium
1052 1159 1163 1212 lantum

39 1247 167 1302 lrberorum
185 1249 290 1304 mentio
310 1247 369 1302 fieri
387 1249 543 1318 putaretur.
571 1246 671 1302 Restat
689 1245 775 1316 igilur
794 1249 834 1316 ul,
853 1246 973 1302 simodo
988 1247 1084 1316 possit,
1104 1245 1164 1300 hlo-

40 1338 122 1391 schidis
143 1353 242 1392 nomen
265 1337 353 1391 inlrel
375 1335 405 1390 iu
428 1353 539 1391 versum
562 1333 778 1405 paenultimam:
806 1333 835 1388 in
858 1351 914 1403 quo
937 1351 996 1389 esse
1020 1339 1164 1404 corruptas

40 1427 138 1480 lubin
154 1411 262 1481 liiidras
281 1425 336 1480 hoc
354 1425 457 1480 certius
475 1424 528 1480 tibi
546 1424 729 1496 persuadens,
756 1423 829 1493 qnod
853 1423 964 1479 easdem
982 1441 1017 1478 ne
1036 1441 1085 1480 nos
1103 1423 1163 1492 qni·

40 1513 88 1567 dem
107 1513 243 1584 potuimus
268 1513 361 1568 salvae
383 1529 502 1568 muare.
545 1511 651 1578 Quodsi
677 1513 762 1568 haue
790 1529 887 1568 vocem
915 1511 1048 1568 credibile
1076 1512 1113 1566 sil
1135 1513 1164 1566 in

40 1603 150 1669 qnaliuor
166 1603 303 1674 exemplis
322 1603 407 1658 semel
426 1619 483 1657 non
502 1621 552 1672 pro
572 1601 742 1672 pyrrhichio,
766 1601 814 1656 sed
838 1618 888 1670 pro
905 1599 1000 1656 iambo
1018 1600 1112 1668 firmae,
1136 1601 1164 1654 in

39 1695 148 1762 promptu
165 1691 249 1748 fuerit
267 1691 308 1748 sic
328 1689 478 1762 corrigere:
502 1691 593 1748 Hane
612 1691 705 1762 Pdpa
729 1690 868 1745 blanda:
892 1689 976 1744 haud
996 1705 1066 1745 mea
1084 1689 1163 1760 hl[o·

39 1781 222 1836 colimbriae
246 1781 374 1852 Puris}
411 1779 492 1846 Quod
510 1780 559 1850 qni
582 1779 811 1851 probabilitatem
834 1777 937 1834 habere
961 1778 990 1832 in
1014 1778 1165 1847 elegantia·

40 1869 94 1923 simo
110 1870 227 1925 carmine
246 1871 345 1940 neget,
370 1869 466 1940 paullo
485 1869 577 1924 minus
595 1868 652 1924 leni
672 1867 833 1924 coniectura
855 1867 908 1922 hac
927 1867 969 1922 uti
988 1866 1106 1936 polerit,
1133 1869 1165 1920 nl

39 1957 136 2012 lellll
153 1958 219 2014 ilem
238 1958 441 2029 interpretatus
459 1957 533 2013 AVE
556 1958 635 2012 hen
659 1957 741 2012 simul
764 1955 798 2012 de
823 1956 992 2026 transposito
1016 1955 1074 2010 sive
1097 1954 1164 2010 inci·

39 2047 111 2102 dentis
132 2047 187 2103 sive
210 2046 395 2102 describentis
422 2046 531 2102 incuria
554 2045 692 2101 vocabulo
715 2045 835 2116 cogitet,
863 2046 917 2102 hoc
944 2045 1040 2100 modo:
1070 2045 1165 2098 Hune

41 2134 119 2204 Papo
141 2137 278 2192 blanda:
303 2137 387 2192 hone
407 2137 557 2192 Moschis
579 2153 663 2190 mea:
686 2140 786 2206 laque
808 2137 895 2190 brius
913 2135 1024 2190 Puris.
1062 2133 1163 2188 Faten-

40 2223 90 2278 ‹lnm
111 2228 150 2282 est
169 2243 235 2282 sane
259 2227 303 2282 ila
325 2225 450 2281 ordinem
474 2225 575 2280 inverti
603 2224 811 2280 nominatorum
834 2241 852 2280 a
874 2223 976 2279 marito
1001 2222 1164 2278 liberorum=

41 2319 142 2370 cetemm
161 2316 366 2372 concedendum
387 2315 456 2370 salis
475 2313 608 2370 concinne
632 2313 661 2369 in
685 2315 829 2383 utriusque
849 2313 1023 2370 sermonibus
1042 2312 1166 2383 singulae

41 2403 147 2459 uniones
164 2405 284 2460 invicem
304 2404 357 2460 sibi
379 2403 488 2472 referri,
515 2417 644 2458 mosoma
667 2417 728 2458 nvn
753 2406 782 2458 el
804 2417 873 2456 nna
897 2416 1026 2472 nescius
1049 2402 1094 2456 vel
1112 2415 1165 2454 no-

40 2505 106 2546 scens
122 2508 192 2560 uns,
212 2507 337 2547 amnon
356 2507 462 2548 nvnors
481 2507 559 2546 evm
578 2495 607 2546 et
621 2505 697 2547 uvea
717 2505 848 2558 ananus,
867 2491 935 2548 ilem
954 2509 1025 2563 quae
1044 2491 1080 2547 ad
1099 2507 1166 2560 pne·

40 2596 86 2632 run
104 2582 225 2650 spectent
243 2596 330 2646 stn
355 2595 423 2636 cvm
446 2595 583 2636 mannans
606 2595 708 2634 avena
731 2595 886 2636 unsarans
910 2585 939 2636 et
960 2595 1046 2646 evan
1067 2593 1167 2632 revees
1215 2645 1219 2656 ι

41 2679 210 2728 Persuasum.
248 2671 509 2741 compensaturque
533 2669 618 2738 illud,
643 2669 760 2739 siquod
783 2673 839 2740 est,
862 2670 1068 2725 incommodum
1093 2685 1166 2724 com-

41 2757 106 2812 modo
122 2759 236 2830 duplici:
262 2759 386 2830 primum
405 2761 479 2831 quod
499 2760 539 2815 ila
558 2759 673 2815 offensio
692 2763 800 2815 remota
823 2763 866 2814 cst
892 2760 963 2815 nude
982 2758 1066 2829 posili
1085 2759 1166 2812 unius

42 2859 160 2902 [nomam
178 2849 299 2906 nominis
319 2850 491 2922 singulisque
508 2849 536 2905 in
550 2849 645 2904 mariti
659 2849 839 2905 adlocutione
853 2849 979 2905 versibus
993 2848 1166 2916 singulorum

41 2935 126 2990 mentio
143 2937 292 2994 hberorum
312 2937 500 3006 concludilum
526 2937 627 2994 deinde
647 2939 723 3007 quod
742 2938 863 2994 insolens
882 2937 911 2992 in
930 2937 1080 2991 animula
1104 2941 1166 3006 (pro

42 3024 179 3098 animula)
197 3031 329 3083 cocenim
348 3027 470 3083 evanuit
492 3059 522 3066 -
544 3027 621 3082 Haec
644 3027 731 3098 igilur
754 3028 778 3082 si
801 3044 857 3082 non
880 3023 1105 3098 improbabiliter
1123 3041 1166 3078 ra·

42 3109 148 3170 liminati
166 3133 272 3188 sumus,
297 3116 400 3172 reclina
418 3115 566 3172 duodecim
586 3133 669 3186 quam
692 3115 828 3172 tredecim
852 3115 968 3172 senariis
987 3114 1166 3184 comprehen-

43 3214 89 3253 sum
106 3202 272 3274 epigramma
291 3205 349 3260 lale
367 3203 505 3274 prodibile

128 3319 230 3390 Hane,
249 3319 350 3374 drilue
368 3318 467 3375 nobis
486 3321 606 3376 nomeu
624 3325 724 3390 cique
741 3321 831 3374 omen
849 3335 965 3388 percus

129 3408 312 3479 Stephane,
330 3407 418 3463 nibai
437 3411 588 3478 nostrae,
606 3409 681 3464 darn
699 3410 807 3475 uiuis,
825 3410 931 3464 decus.

130 3496 206 3552 Vere
224 3513 384 3553 coronam
403 3498 435 3551 le
454 3497 574 3567 hccepi
593 3501 718 3552 uelutis
736 3517 830 3553 moue.

129 3583 274 3642 Moschis
292 3587 352 3641 lus
370 3589 403 3642 ie
423 3585 556 3642 salitas
575 3589 609 3642 et
626 3586 711 3643 dicii
730 3589 820 3654 nole,

130 3673 169 3728 lli
185 3675 312 3729 blanda
330 3672 443 3729 dulcis
462 3675 555 3745 Pipa
573 3673 735 3730 delicium
753 3681 860 3740 tunm,
1152 3681 1167 3729 o

132 3762 282 3832 atquem
302 3761 370 3818 luis
389 3763 546 3819 munibus
565 3765 671 3834 nuper
688 3766 856 3834 peetobu's,
879 3765 989 3820 Puris.

132 3851 246 3908 delum
264 3853 456 3922 infelicem,
475 3855 532 3922 qul
551 3855 583 3909 le
602 3855 697 3908 uobis
715 3855 876 3909 ddslule'l!

132 3939 231 4012 ilaue,
251 3944 349 3996 nasta
367 3941 527 4010 coniunx,
547 3943 581 3996 el
600 3943 683 3996 mihi
700 3944 877 4012 responde,
891 3958 1020 4012 precor.

500 4031 515 4064 a
676 4031 690 4064 a

588 4068 603 4100 s

135 4119 235 4192 ilaue,
253 4123 297 4176 mi
315 4119 475 4188 Diodoro,
494 4123 600 4176 umiae
621 4119 791 4191 fraterque
809 4123 837 4176 ll
851 4137 993 4192 porcus:

134 4205 210 4264 liam
228 4215 262 4268 et
279 4213 379 4266 amici
399 4209 523 4267 officia
541 4214 575 4264 ci
593 4212 755 4280 pietatem
774 4212 928 4266 habuisti
942 4211 1064 4279 putris.
1136 4215 1168 4264 ιο

135 4296 221 4354 Hane
239 4301 331 4372 Pipa
349 4299 490 4356 blandan
509 4299 595 4354 hune
614 4315 686 4354 mea
704 4299 859 4353 Moschis:
878 4299 962 4352 hcine
982 4299 1098 4365 Paria,

139 4385 232 4450 Quem
251 4393 355 4462 nuper
373 4405 585 4460 pepereram,
604 4390 641 4444 ot
659 4389 792 4458 abiipd
810 4389 950 4460 &typicis
967 4389 1084 4444 domos.

53 4488 172 4582 Panem
185 4505 342 4576 compositis
356 4521 387 4575 p.
402 4505 449 4558 lx
465 4506 562 4576 [supra
575 4523 602 4574 p.
611 4509 663 4558 246
674 4505 727 4576 erp]
744 4503 890 4560 masculini
904 4504 1013 4574 generis
1029 4505 1057 4558 in
1076 4504 1169 4558 intus
