3020 5118
337 359 398 420 17ss
613 376 831 420 uouvunu'ra
857 375 1092 420 amoenamus
1118 374 1207 417 anu.

380 515 430 578 Me
454 515 546 580 dicit:
571 538 659 600 euge.
704 517 844 581 Lautum
870 516 963 581 credo
983 539 1000 580 e
1024 515 1161 579 balineis
1180 550 1233 576 -.

378 621 415 685 In
439 623 598 707 balineas,
622 647 694 687 cum
717 624 763 688 ibi
788 625 898 687 sedulo
923 646 982 687 sua
1005 623 1202 686 uestimenta
1226 623 1345 685 se‘ruat.

378 729 566 794 Comessum
592 736 744 813 expotum
769 735 941 794 extinctum
965 730 1087 793 elotum
1110 729 1145 792 in
1169 728 1322 792 balineis:

334 893 469 955 quorum
493 873 769 957 antepaenultimo
793 873 951 936 chaldaeis
975 877 1025 936 est
1047 874 1082 935 in
1100 871 1231 952 Vetere,
1260 871 1416 935 utalaae
1434 871 1459 934 iu

333 977 508 1043 Decurtato
537 979 779 1064 Vaticanoque,
807 984 971 1062 postremo
1000 986 1108 1042 autern
1136 979 1252 1042 ceteris
1280 978 1372 1042 libris
1399 975 1459 1040 Au·

336 1084 508 1150 brocianns
533 1088 664 1151 accedit.
712 1085 774 1150 Sed
798 1086 883 1150 idem
907 1090 1017 1149 tamen
1042 1085 1279 1150 Ambrosianus
1303 1106 1459 1168 syncopam

334 1215 405 1256 cum
430 1195 543 1256 ceteris
567 1198 707 1257 testatur
730 1194 763 1256 in
788 1193 838 1256 bis
864 1193 959 1256 l'oen.
983 1192 1042 1275 ΙΙΙ,
1066 1194 1094 1276 3,
1119 1193 1162 1256 90
1186 1191 1255 1276 (ubi
1282 1191 1407 1275 irrepsit
1423 1197 1459 1252 ab

334 1305 366 1364 et
389 1300 469 1365 Rud.
494 1303 572 1364 527:

379 1407 443 1470 Vbi
468 1408 637 1471 balneator
659 1408 760 1471 faciat
783 1407 1043 1490 unguentarium.

378 1513 511 1598 Edepol,
535 1515 695 1596 Neptune,
720 1537 752 1577 es
777 1515 947 1577 balneator
971 1512 1120 1596 frigidus:

334 1661 396 1721 quo
421 1647 548 1723 praeter
572 1639 827 1703 Ambrosianum
851 1639 976 1703 accedit
999 1639 1124 1701 Trucul.
1150 1637 1191 1720 ll,
1214 1639 1244 1719 3,
1267 1639 1306 1700 4:

378 1762 497 1828 Omnes
523 1768 668 1827 amantes
691 1763 897 1827 balneatores
922 1763 1013 1826 sient.

334 1886 447 1971 Itaque
477 1909 548 1951 cum
573 1887 671 1950 etiam
702 1886 786 1970 apud
811 1887 997 1951 Terentium
1026 1890 1225 1951 contractam
1255 1886 1290 1950 in
1317 1887 1389 1970 ipso
1409 1885 1459 1969 pri·

335 1995 447 2058 mitivo
475 1995 606 2058 nomine
635 1995 771 2058 formam
802 2017 873 2058 eum
902 1995 1016 2058 ceteris
1045 1994 1137 2058 libris
1166 1994 1345 2058 Bembinus
1374 1995 1460 2056 servet

334 2100 465 2164 Phorm.
489 2099 530 2183 lI,
554 2103 583 2184 2,
607 2101 662 2165 25:

422 2207 509 2270 Tene
534 2208 737 2271 asumboldm
763 2208 871 2271 uenire
894 2210 1024 2271 unctum
1050 2209 1146 2290 aitque
1169 2206 1295 2270 lautum
1319 2205 1460 2270 ebdlneis

334 2311 424 2400 (nam
443 2337 466 2396 c,
490 2336 556 2378 non
576 2337 595 2377 a
615 2319 664 2378 est
683 2315 716 2378 in
736 2313 918 2379 Basilicano
938 2314 1171 2397 Vaticanoque,
1195 2314 1314 2378 omissa
1334 2314 1368 2376 in
1385 2313 1460 2375 Ben-

291 2417 294 2426 ’
334 2422 410 2485 bino
439 2421 664 2506 praepositio),
692 2421 798 2486 refelli
829 2422 958 2504 quidem
982 2422 1035 2484 vix
1059 2421 1180 2504 poterit
1203 2422 1257 2503 qui
1275 2419 1460 2504 ,transeuntis

335 2551 353 2591 a
386 2528 531 2612 longiore
565 2529 603 2591 cd
638 2529 818 2594 breviorem
846 2530 981 2593 formam
1018 2527 1260 2592 consuetudinis
1293 2527 1385 2591 initia
1410 2523 1458 2608 ipsi

334 2634 504 2699 Plautinae
541 2635 816 2719 Terentianaeque
859 2637 957 2700 aetati
994 2637 1126 2699 tribuat.
1173 2634 1374 2718 Quamquam
1408 2653 1458 2695 non

335 2742 439 2826 magis
477 2742 623 2825 profecto
660 2743 715 2806 ille
753 2744 929 2827 culpandus
967 2743 1036 2826 qui,
1073 2743 1139 2806 late
1177 2743 1319 2824 patentis
1352 2741 1381 2805 in
1412 2737 1459 2800 boc

298 2891 306 2906 ι
334 2870 450 2932 genere
475 2850 678 2913 librariorum
710 2850 775 2912 sive
805 2851 945 2914 incuriae
974 2850 1040 2913 sive
1071 2871 1164 2912 curae
1188 2870 1324 2930 memor,
1352 2868 1389 2909 ne
1410 2842 1459 2906 lul-

334 2963 471 3022 ncotorcs
494 2957 624 3041 quidem
645 2979 662 3019 a
682 2957 799 3020 Plauto
824 2957 927 3020 dictos
953 2957 1015 3020 sibi
1038 2957 1239 3039 persuadeat,
1264 2954 1318 3018 sed
1338 2953 1375 3018 ad
1393 2957 1459 3015 cele

334 3087 444 3127 rorum
483 3064 701 3146 exemplorum
737 3064 1000 3146 aequabilitatem
1036 3063 1098 3127 hoc
1132 3084 1257 3145 quoque
1289 3061 1460 3124 immissae

336 3170 447 3254 vocali⁸
463 3192 499 3234 eo
524 3170 737 3234 confidentius
762 3171 990 3251 accommodet,
1013 3192 1076 3253 quo
1101 3169 1224 3232 firmius
1248 3189 1325 3232 sane
1344 3167 1406 3230 eius
1423 3161 1457 3225 rei

336 3275 530 3358 praesidium
560 3301 597 3342 ex
622 3278 813 3342 Aletrinatis
842 3276 931 3340 tituli
960 3275 1116 3338 memoria
1142 3277 1245 3358 petat,
1268 3269 1458 3336 Bamal-

257 3408 315 3447 xrn
338 3382 448 3447 RIVM
473 3385 665 3468 scripturum
695 3385 833 3468 septimo
863 3383 1032 3446 etiamtum
1057 3382 1185 3445 saeculo
1209 3379 1373 3444 servantis.
1413 3375 1458 3439 ce

336 3494 441 3552 terum
466 3491 566 3555 sciens
591 3491 794 3575 praetermisi
819 3489 953 3554 Poeuuli
977 3488 1015 3572 V,
1040 3490 1069 3570 2,
1096 3487 1136 3550 16
1161 3487 1220 3551 hos
1245 3508 1368 3550 versus:
1506 3479 1507 3482 ¹

380 3613 442 3679 Sed
467 3638 622 3698 quaenam
646 3616 704 3679 illa
728 3617 797 3680 auis
822 3618 871 3678 est
894 3638 975 3698 quae
998 3613 1061 3676 buo
1084 3634 1156 3676 curn
1180 3610 1297 3676 tunicis
1322 3606 1456 3674 aduenit?

379 3723 543 3788 Numnam
567 3724 592 3786 it
616 3747 635 3787 a
660 3723 782 3785 balneis
807 3721 1041 3785 circumductus
1060 3719 1184 3802 pallio?

335 3828 399 3892 Vbi
424 3831 485 3893 etsi
509 3830 587 3893 item
617 3829 656 3892 ad
685 3829 814 3891 balineis
842 3827 1036 3909 scripturam
1051 3824 1160 3887 *videri
1188 3826 1297 3905 potest
1318 3823 1455 3886 librorum

336 3937 492 4000 memoria
516 3940 674 4018 spectare,
703 3957 839 4018 quorum
863 3932 964 3996 Vetus
990 3933 1142 3995 Naana-m
1166 3930 1344 3994 laudatitiis
1363 3924 1455 3990 habet

336 4043 498 4105 bisarnum
522 4043 700 4107 nantelinus
720 4041 929 4122 Docurtatus,
952 4043 1061 4102 tamen
1081 4037 1185 4101 omnis
1204 4037 1332 4101 omnino
1349 4031 1454 4097 beliae

336 4171 427 4212 arum
450 4151 539 4213 notio
568 4151 609 4212 ab
639 4150 711 4213 istis
746 4147 947 4212 sermonibus
978 4145 1082 4208 aliena
1106 4146 1164 4206 est.
1211 4142 1250 4205 ln
1273 4141 1377 4226 quibus
1397 4133 1453 4198 avi-

336 4253 426 4317 culae
446 4256 552 4337 potius
577 4255 712 4318 alieuius
736 4277 853 4319 nomen
878 4256 1090 4335 exspectatur.
1135 4248 1243 4331 Velut,
1266 4253 1301 4312 ut
1327 4239 1453 4322 exemplo

336 4365 416 4442 utar,
440 4361 495 4424 sed
520 4383 580 4444 cluo
606 4360 685 4424 mibi
710 4362 771 4444 ipsi
790 4384 854 4425 non
880 4360 1049 4424 satisfiat:
1074 4357 1193 4432 Nonne,
1215 4355 1292 4439 lucra,
1314 4349 1451 4419 acalan-
1508 4347 1509 4368 ¹

336 4466 437 4531 llius?
460 4469 682 4530 circumductus
702 4467 824 4547 pdlb‘o?
