3020 5118
340 349 402 414 194
485 370 632 416 rrrrnrs
657 370 845 417 convenas
872 371 1075 419 nosrarrrs
1099 367 1332 416 nvsnursrra

298 532 402 580 1411011
425 515 552 575 tantum
576 516 694 595 ectypo
719 513 890 578 chartaceo
914 535 1101 597 expressum
1125 510 1307 593 exemplum
1326 509 1396 572 scite
1415 508 1456 570 ad·

336 616 468 680 modum
501 622 651 700 paratum
684 622 735 682 est
767 625 800 684 et
832 620 872 684 ad
905 641 955 683 me
988 620 1123 684 comiter
1154 616 1387 694 transmissum,
1414 613 1457 677 sed

336 723 435 787 etiam
458 725 496 788 de
520 724 670 789 omnibus
694 725 741 788 eis
765 731 798 789 et
822 727 1063 791 accuratissime
1088 730 1120 788 et
1141 722 1372 808 patientissime
1392 721 1458 784 rela-

335 834 418 913 tum,
443 853 524 914 quae
547 853 605 914 per
628 832 754 896 litteras
773 833 946 897 identidem
967 854 1027 916 ego
1047 831 1230 895 sciscitatus
1250 851 1360 892 essem.
1388 827 1458 909 Ergo

336 959 408 1000 curn
432 937 471 1000 de
495 939 726 1022 superstitibus
754 939 850 1003 hodie
874 939 980 1003 verbis
1010 943 1043 1002 et
1070 938 1190 1002 litteris
1214 935 1298 1001 nihil
1322 933 1401 1018 quod
1419 933 1458 996 de·

336 1044 457 1107 siderea
481 1045 629 1110 relictum
654 1047 708 1128 sit,
739 1052 847 1111 tamen
875 1069 940 1111 non
964 1045 1122 1111 inutiliter
1149 1045 1188 1108 de
1211 1043 1280 1108 illis
1304 1044 1460 1128 quaeretur,

337 1151 470 1234 siquae
498 1151 581 1216 forte
610 1151 688 1216 olim
716 1152 782 1237 legi
811 1153 976 1236 potuerint
1002 1174 1087 1216 nunc
1110 1149 1278 1234 deperdita
1306 1149 1338 1214 in
1364 1147 1459 1231 lapide
1501 1165 1503 1214 ἲ

337 1254 436 1321 Cuius
456 1258 618 1342 margines
638 1279 709 1321 cum
729 1257 859 1341 possint
873 1257 1040 1341 aliquanto
1055 1256 1250 1339 integriores
1264 1255 1363 1319 fuisse
1377 1253 1460 1338 prius-

336 1386 432 1446 quam
457 1365 490 1428 in
514 1365 658 1429 tabulam
683 1365 874 1448 quadratam
905 1363 963 1428 illo
987 1364 1133 1428 immisso
1162 1363 1304 1428 frustula
1327 1361 1458 1454 quaedam

336 1472 570 1554 detererentur‚
593 1472 654 1537 hoc
680 1477 714 1536 ut
738 1473 833 1556 quale
857 1471 901 1535 sit
919 1471 1053 1554 planum
1073 1471 1143 1554 liat,
1166 1469 1386 1554 componenda
1402 1476 1458 1531 sunt

337 1579 375 1642 de
399 1578 600 1662 singulorum
623 1599 774 1642 versuum
803 1599 876 1642 cum
905 1577 1008 1642 initiis
1036 1582 1106 1643 tum
1133 1578 1252 1642 finibus
1281 1576 1457 1661 superiorum

336 1687 496 1751 editorum
520 1685 720 1750 testimonia:
745 1685 861 1770 quibus
880 1688 989 1750 tamen
1013 1684 1170 1749 utendum
1193 1707 1265 1748 cum
1289 1684 1384 1748 certis
1404 1704 1458 1746 cau·
1496 1766 1497 1770 Ἰ

335 1793 490 1858 tionibus.
540 1792 686 1856 Primum
715 1791 799 1856 enim
829 1792 935 1874 specie
962 1795 1105 1874 tantum,
1136 1813 1202 1857 non
1234 1813 1269 1854 re
1302 1791 1459 1872 discrepare

336 1900 411 1964 illos
441 1904 589 1985 apertum
617 1905 680 1982 est,
712 1922 785 1963 cum
815 1921 868 1963 eas
897 1900 1038 1985 litteras,
1071 1921 1206 1983 quarum
1235 1898 1319 1965 nihil
1342 1897 1399 1962 nisi
1418 1904 1459 1959 aut

337 2005 519 2090 fragmenta
534 2011 590 2071 aut
607 2011 775 2090 tamquam
794 2007 910 2070 umbra
924 2007 1082 2091 quaedam
1100 2007 1357 2090 fragmentorum
1374 2025 1458 2087 super·
1496 2039 1497 2042 =

319 2118 400 2196 ·est‚
433 2113 487 2177 alii
511 2114 654 2196 integras
678 2118 867 2196 posuerunt,
895 2136 1027 2198 prorsus
1055 2115 1236 2178 omiserunt
1262 2114 1334 2178 alii:
1366 2112 1457 2196 quipp

337 2220 454 2302 quibus
479 2221 654 2303 scripturae
678 2221 826 2284 frustulis
851 2220 1066 2303 exprimendis
1090 2221 1302 2303 imperasset
1322 2223 1457 2299 arstppo

337 2326 462 2409 graphi.
506 2325 628 2390 Deinde
653 2349 691 2391 ex
714 2328 786 2411 ipsa
809 2331 962 2410 typorum
987 2331 1020 2390 et
1043 2326 1294 2390 maiusculorum
1319 2323 1397 2410 (sire
1417 2345 1457 2386 ur·

337 2432 434 2495 ciales
458 2433 508 2497 vel
532 2434 671 2498 versales
696 2431 926 2519 appellaveris)
956 2438 989 2497 et
1016 2434 1203 2516 capitalium
1233 2437 1266 2496 et
1290 2431 1457 2498 minusculu-

337 2562 408 2603 runr
433 2545 464 2603 et
488 2540 687 2604 cursivorum
712 2540 924 2605 similitudine
948 2563 1013 2604 non
1036 2541 1146 2623 potuit
1163 2562 1228 2604 non
1250 2544 1308 2604 aut
1327 2535 1457 2621 ambigui·

337 2650 387 2710 tas
417 2651 474 2711 aut
501 2669 590 2711 error
616 2648 780 2711 nonnullis
809 2647 841 2711 in
870 2647 949 2712 locis
981 2650 1081 2712 nasci.
1131 2647 1279 2731 Denique
1312 2645 1457 2712 munitatu

337 2757 387 2818 est
411 2755 611 2837 quorundam
635 2755 841 2837 neglegentia
865 2756 898 2818 in
923 2755 1155 2837 supplementis
1180 2777 1199 2818 a
1221 2754 1362 2837 pristina
1383 2750 1457 2830 scrip

336 2865 409 2925 tura
433 2860 664 2926 discernendis:
692 2883 755 2944 quo
780 2861 813 2924 in
837 2882 953 2945 genere
981 2862 1144 2926 neminem
1174 2861 1276 2925 fuisse
1301 2861 1406 2945 Lipsio
1426 2859 1457 2919 ir·

337 2967 576 3050 diligentiorem
601 2968 676 3031 illae
700 2967 939 3050 discrepantiae
967 2968 1053 3032 haud
1084 2991 1205 3052 paucae
1232 2973 1374 3052 arguunt
1398 2983 1456 3047 quae
1495 3001 1496 3005 =

338 3075 421 3136 inter
444 3075 508 3137 tria
531 3076 677 3158 exempla
700 3074 854 3158 Lipsiana
877 3075 1087 3139 intercedunt.
1121 3075 1262 3150 Quorum
1288 3073 1375 3154 illud,
1396 3067 1456 3153 quui

338 3183 388 3240 est
407 3179 439 3242 in
457 3179 606 3263 Antiquis
628 3180 829 3264 lectionibus,
853 3182 991 3266 primum
1017 3182 1168 3245 dicimus:
1192 3181 1374 3260 secundum,
1394 3171 1454 3260 qucd

339 3286 409 3349 sine
442 3287 675 3368 supplementis
709 3288 741 3350 in
775 3288 930 3352 ductario
963 3288 1211 3371 inscriptionum
1245 3287 1454 3352 Smetianaruu

338 3393 460 3475 posuit,
489 3394 583 3458 nobis
608 3394 738 3458 Gruteri
766 3396 828 3460 fide
857 3397 1038 3478 cognitum:
1071 3396 1217 3478 tertium,
1251 3395 1335 3480 quod
1361 3389 1454 3457 ibidem

340 3501 474 3564 accessit
498 3501 730 3584 supplementis
755 3505 892 3566 auctum.

427 3641 537 3725 Ipsum
567 3646 688 3725 autem,
721 3644 815 3726 quale
848 3666 931 3708 nunc
965 3651 1029 3728 est,
1060 3646 1148 3708 tituli
1177 3645 1307 3709 initium
1334 3639 1407 3726 quod
1432 3635 1453 3697 i1¹

338 3749 461 3813 duobus
486 3751 563 3813 solis
588 3751 754 3833 exemplis,
776 3750 965 3814 Lafreriano
986 3753 1018 3813 et
1037 3750 1247 3833 panviniano,
1271 3751 1388 3832 integer
1406 3763 1454 3802 ver·

340 3878 392 3918 sus
416 3857 581 3939 praecedit
604 3857 663 3920 lias
688 3858 813 3920 litteras
837 3862 1021 3940 praestans:

397 3997 510 4062 ·O·l)
535 4051 676 4063 ......
700 3997 1181 4064 il-r¹-li·N·C....L·
1207 4043 1409 4064 .........

341 4137 416 4222 (nisi
442 4141 524 4222 qnod
546 4140 667 4205 Duilius
691 4147 723 4204 et
747 4141 872 4204 CousoL
897 4142 999 4205 estin
1021 4139 1245 4226 Pauriniano),
1268 4142 1299 4205 id
1319 4141 1364 4204 vir
1381 4155 1451 4219 pos-e
1499 4143 1500 4151 ’

341 4243 482 4308 dubitari
506 4246 632 4311 videtur
656 4249 731 4331 quin
761 4271 777 4310 e
802 4271 890 4312 mera
914 4249 1166 4332 interpolatione
1196 4247 1391 4331 repetendum
1411 4239 1450 4300 sit:

341 4373 535 4433 quiunquam
564 4352 666 4416 fraudi
697 4359 729 4416 et
754 4355 1018 4420 Drakenborelrio
1046 4356 1109 4419 fuit
1137 4357 1170 4419 in
1199 4355 1268 4418 Liv.
1291 4352 1354 4432 XL,
1374 4341 1450 4414 5⁸2ss

304 4475 326 4512 ¹5·
342 4461 374 4519 et
394 4456 571 4519 (iurutouio
596 4459 627 4520 iu
648 4459 811 4523 (tien-onis
834 4463 1038 4526 l‘lauriauarn
1060 4484 1191 4525 excursu
1209 4459 1270 4526 Vll
1291 4455 1386 4542 pilli?
1399 4472 1450 4528 sqq·
