2972 5120
314 355 378 419 548
549 369 690 418 cursous
715 368 943 417 nurnurnrrs
967 367 1219 417 serenissima

313 515 381 579 deri
405 518 534 598 poterat
556 538 619 599 quo
643 515 926 580 commentabatur
948 513 1145 599 Borghesius
1168 513 1188 576 i.
1204 534 1227 576 e.
1249 533 1327 576 anno
1346 512 1418 577 1831.

313 626 421 686 tamen
450 625 526 705 post
551 623 688 708 repertis
717 623 790 687 aliis
819 621 950 686 tesseris
978 621 1102 685 duabus
1129 619 1222 703 plane
1249 619 1417 683 intellectum

314 732 364 792 est
387 728 450 791 diei
474 729 696 812 omissionem,
725 751 788 812 qua
816 728 871 791 ille
900 727 940 791 ad
968 750 1061 792 suam
1089 726 1297 791 coniecturam
1318 727 1420 789 firman·

313 835 388 898 dam
412 835 570 919 utebatur,
594 836 727 900 omnino
747 856 950 899 communem
970 855 1038 900 esse
1057 833 1291 916 municipalium
1308 832 1353 896 rel
1369 853 1421 915 pre

314 941 499 1006 vincialinm
519 942 672 1006 omnium.
705 938 804 1005 Cuius
822 941 869 1004 rei
889 963 961 1006 eum
978 939 1171 1004 Mutinensis
1189 938 1244 1002 ills
1261 956 1422 1023 argumento

315 1051 364 1112 est
387 1072 406 1112 a
429 1047 611 1112 Oavedonio
640 1047 806 1131 publicata
834 1045 870 1131 (l.
894 1070 918 1112 s.
942 1070 966 1112 s.
997 1069 1028 1131 p.
1050 1046 1109 1109 197
1135 1067 1165 1108 n.
1185 1045 1258 1128 743;
1294 1045 1327 1110 P.
1347 1044 1377 1108 L.
1395 1043 1424 1106 n.

314 1155 350 1220 Ε.
375 1156 438 1220 tab.
463 1154 513 1218 III
527 1155 571 1218 M
591 1152 695 1233 [Tess.
720 1155 805 1236 glad.
828 1177 858 1218 n.
878 1155 921 1218 35
945 1154 1055 1250 ibique
1078 1153 1143 1217 tab.
1163 1151 1210 1216 ΙΙΙ
1228 1151 1300 1234 θ]);

647 1322 869 1387 LEPIDVS
899 1359 904 1370 ·
935 1321 1118 1421 MVMME

620 1433 762 1539 -..IN
947 1471 991 1537 s-
1049 1432 1136 1536 ff

715 1625 781 1689 n·
925 1624 1003 1688 ivn
1094 1583 1112 1586 ’

654 1737 710 1839 o]
734 1735 1143 1840 snnn'r'o'fco's'

314 1961 383 2019 tum
415 1978 515 2039 nuper
548 1956 676 2018 demum
706 1977 725 2017 a
753 1954 954 2019 Mommseno
983 1977 1015 2037 p.
1033 1955 1095 2016 201
1126 1975 1156 2016 n.
1176 1951 1276 2015 ecca
1308 1972 1326 2012 e
1351 1950 1432 2014 codice

314 2062 464 2126 Leidensi
497 2063 530 2124 in
564 2062 666 2125 lucem
699 2065 866 2144 protracta
894 2059 1096 2123 Arelatensis
1131 2057 1233 2136 [Teos.
1262 2057 1346 2140 glad.
1366 2079 1390 2120 n.
1408 2055 1433 2118 Γ.)

314 2168 422 2251 ibique
446 2169 511 2232 tab.
531 2168 562 2231 H
582 2168 641 2248 Z]:

617 2333 1155 2399 ncrrrnnsrnrins

672 2444 1076 2550 secernenda*-
1108 2444 1172 2448 --

674 2598 877 2700 unisse
902 2672 908 2684 ·
933 2597 1109 2700 nuen-
1134 2595 1168 2600 ‘⁸

615 2787 648 2849 n
673 2824 679 2834 -
700 2787 771 2851 un
799 2824 805 2836 ·
837 2788 861 2851 c
890 2747 999 2850 ssn'r
1030 2747 1167 2850 scos

315 2967 436 3031 Verum
464 2967 543 3030 haee
572 2972 679 3030 tarnen
709 2967 816 3030 omnin
844 2987 908 3030 non
936 2965 1119 3049 impediunt
1146 2965 1321 3050 quominus
1349 2981 1435 3048 perse

316 3077 461 3155 spectata
484 3072 655 3157 Borghesii
680 3073 873 3156 coniectura,
896 3076 1052 3155 qnatenus
1072 3072 1199 3157 quidem
1219 3071 1259 3134 ad
1282 3069 1437 3137 consularis

316 3180 487 3262 potestatis
512 3179 784 3242 intermissionem
807 3179 961 3262 pertinet,
987 3182 1020 3242 et
1043 3182 1108 3242 stet
1131 3179 1314 3243 rectissime
1337 3183 1367 3242 et
1387 3197 1437 3260 gn·

317 3307 388 3348 vem
413 3309 432 3348 a
454 3291 566 3349 nostra
595 3289 718 3349 tessera
745 3283 943 3348 Londinensi
972 3285 1288 3348 commendationem
1317 3285 1435 3366 accipiar,

317 3389 378 3454 Sed
402 3391 626 3474 progredimur
650 3392 779 3476 longius
804 3391 970 3474 eidemque
1001 3390 1084 3456 hanc
1108 3391 1213 3475 ipsam
1238 3414 1328 3456 anno
1351 3388 1437 3454 tribui·

316 3520 387 3562 mus
412 3519 506 3580 quem
529 3497 726 3561 Heinsianae
755 3520 815 3560 sua
844 3497 1109 3580 interpretatione
1133 3497 1338 3581 Borghesins
1359 3493 1436 3560 vindi»
1477 3496 1483 3513 ¹

281 3624 302 3662 x
317 3606 412 3669 cavit,
450 3604 517 3668 Nec
542 3605 626 3667 enim
651 3605 739 3668 illius
764 3603 892 3688 quidem
916 3605 949 3666 in
969 3627 1032 3687 qna
1054 3626 1222 3668 versamur
1240 3607 1360 3669 aetatis
1376 3603 1435 3665 stin

317 3735 418 3775 annus
443 3713 476 3774 in
499 3717 650 3795 promptu
680 3716 740 3795 est,
771 3712 826 3794 qui
854 3712 1047 3775 omissorum
1075 3733 1103 3775 a
1126 3709 1205 3775 d.V
1228 3711 1272 3775 ld.
1301 3713 1365 3776 Ian.
1385 3731 1434 3771 con·

317 3820 420 3882 sulum
450 3824 517 3881 tam
545 3825 665 3882 certam
695 3823 973 3901 contestatamqne
1006 3840 1152 3882 caussam
1181 3819 1338 3903 praebeat
1364 3835 1432 3900 ilum

316 3927 369 4009 qni
395 3931 443 3988 est
467 3927 506 3988 ab
531 3948 560 3988 u.
584 3948 608 3987 c.
630 3925 702 4008 701,
732 3925 786 4006 qui
814 3947 871 4006 per
899 3947 952 3988 sex
981 3946 1106 3988 menses
1137 3925 1285 4008 integros
1315 3919 1433 3988 consuis:

316 4033 447 4094 omnino
471 4032 577 4094 nullos
602 4031 696 4094 vidit:
725 4031 807 4094 unde
831 4031 900 4094 fieri
925 4031 1055 4095 omnino
1083 4053 1149 4095 non
1172 4032 1282 4114 potuit
1306 4031 1376 4114 quin
1395 4039 1432 4088 sd

317 4143 391 4220 post
418 4160 560 4202 mensem
590 4137 717 4200 demum
747 4137 875 4201 Iunium
908 4137 1075 4201 consulum
1108 4137 1242 4202 nomina
1269 4137 1432 4201 adderentur

317 4250 352 4307 ut
375 4245 408 4308 in
431 4245 609 4309 Heinsiana
632 4251 767 4322 tessera,
791 4249 848 4307 aut
872 4244 918 4307 eis
942 4244 1126 4308 nominibus
1151 4243 1346 4307 destinatum
1368 4241 1432 4302 lorus

316 4354 456 4415 tesserae
481 4351 631 4431 ἄγραφον
655 4355 800 4414 maneret
823 4355 859 4414 ut
877 4351 911 4414 in
925 4350 1130 4414 Londinensi.
1147 4387 1185 4396 —
1208 4349 1354 4414 Ceterum
1370 4341 1430 4410 nitu}

316 4455 378 4518 hnc
406 4459 546 4538 pertinet
575 4459 658 4542 qnod
687 4460 785 4522 trium
814 4463 942 4521 tentum
970 4457 1107 4521 laterum
1137 4456 1372 4540 inscriptionem
1393 4451 1430 4512 ha·
