3008 5118
218 435 222 442 .
270 389 317 436 nn
339 387 467 436 r1rvno
491 387 649 436 usrmoo
673 387 951 436 nsuaunsirnno.
1119 373 1182 436 311

296 529 433 596 votnm
455 530 525 596 deo
549 530 692 614 dioaui,
1199 547 1220 588 v

298 638 513 703 Praefectus
535 637 617 721 ipse
642 637 792 702 castris.

296 743 396 810 Ades
420 747 511 830 ergo
535 766 617 810 oum
639 742 817 826 Panisoo,

297 851 440 917 Memor
462 851 533 916 hoo
557 873 711 917 munero
734 853 883 936 nostro,
1144 853 1184 916 10

296 957 423 1042 Natis,
447 957 597 1044 sospite
621 959 751 1024 matre.

297 1065 434 1130 Facias
459 1064 593 1131 uidere
616 1065 772 1131 Romam

296 1169 473 1238 Dominis
498 1193 652 1238 munere
674 1173 838 1239 honore

296 1279 462 1344 Mantum
485 1285 795 1365 coronatumque.

53 1387 189 1454 Formam
211 1411 328 1473 puram
346 1387 448 1452 habes
466 1387 669 1473 quinquiens,
692 1411 719 1452 v.
739 1390 768 1454 2.
792 1389 823 1454 4.
849 1390 899 1455 10.
925 1389 973 1454 11.
999 1389 1054 1452 13:
1077 1387 1111 1452 in
1131 1387 1183 1453 his

54 1497 95 1558 bis
115 1499 313 1560 contractam
338 1494 520 1560 anaerusim
546 1517 573 1558 r.
592 1495 621 1560 2.
649 1497 697 1560 11.
743 1495 888 1561 Eandem
913 1495 1094 1560 anaerusirn
1118 1517 1184 1560 mo-

51 1601 240 1686 nosyllabam
265 1601 328 1666 etsi
350 1599 571 1679 ἀνακλώμενοι
600 1622 726 1685 quoqne
750 1602 890 1688 quinque
914 1601 1070 1686 exemplis
1093 1623 1183 1686 prae·

51 1713 128 1774 stant
148 1730 175 1774 v.
197 1708 225 1772 1.
245 1707 277 1773 3.
297 1707 376 1772 ns.
397 1707 446 1790 14,
469 1711 579 1771 tamen
601 1728 734 1790 prorsus
758 1706 854 1773 liberi
877 1713 952 1773 sunt
976 1709 1017 1773 ab
1035 1706 1184 1790 iambica,

52 1837 135 1898 qoam
156 1812 378 1900 refragantem
406 1836 541 1880 numero
571 1815 677 1881 ionico
700 1815 831 1881 inscitia
854 1815 982 1881 demum
1007 1819 1183 1880 metrorum

51 1921 329 1988 inAnaoreonteis
357 1921 411 2005 qui
439 1921 587 1987 feruntur
616 1921 755 1987 admisit.
799 1921 869 1988 Neo
891 1923 926 1988 in
949 1944 986 1987 eo
1013 1945 1078 1987 non
1103 1921 1183 1986 artis

50 2029 195 2112 quoddam
218 2028 365 2094 studium
393 2028 544 2111 cernitur,
571 2029 656 2114 quod
684 2027 805 2094 thesim
833 2029 935 2095 eidem
962 2029 1182 2109 ἀνακλώμενοι

50 2157 111 2200 raro
133 2135 266 2222 longam
291 2133 426 2199 habent:
456 2135 628 2201 secundam
657 2136 786 2222 quidem
810 2159 839 2202 v.
858 2139 888 2202 3.
911 2139 951 2202 14
975 2141 1105 2202 etcum
1127 2158 1183 2201 no·

50 2242 133 2307 minis
155 2241 280 2327 proprii
305 2242 512 2306 excusatione
535 2264 564 2332 q.
587 2243 622 2306 9:
653 2242 792 2326 primam
816 2265 974 2328 nusquam
996 2242 1060 2307 nisi
1084 2243 1182 2308 semel

50 2353 76 2412 et
95 2372 163 2414 oum
186 2348 347 2416 secundae
370 2348 581 2432 productione
605 2353 638 2414 et
661 2354 698 2414 ut
714 2348 844 2415 videtur
864 2372 937 2416 eum
956 2349 1039 2414 arsis
1058 2349 1183 2434 primae
1244 2331 1251 2346 ’

49 2457 196 2524 solutione
226 2457 432 2523 coniunctam
461 2457 495 2521 in
523 2455 596 2540 ipso
623 2455 803 2522 dedicantis
836 2457 964 2522 nomine
992 2455 1183 2523 inevitabili.

50 2561 107 2628 Aut
134 2565 219 2629 anim
250 2563 473 2630 choriambum
507 2583 644 2648 aequare
672 2563 792 2644 Alfinio
819 2560 925 2626 torma
952 2563 1097 2646 putanda
1125 2567 1184 2648 est,

49 2673 96 2733 aut
116 2672 129 2734 i
149 2671 280 2736 litterae
309 2669 482 2756 synizesim
514 2669 670 2734 asciscere
699 2673 735 2734 ut
762 2670 795 2734 in
823 2669 941 2734 omnnio
969 2693 997 2734 u.
1017 2671 1052 2748 2,
1083 2691 1181 2754 quan-

49 2777 154 2842 tumvis
181 2799 254 2843 eam
284 2777 325 2842 ab
354 2775 560 2860 antiquitatis
588 2775 739 2841 castitate
767 2775 914 2840 alienam.
966 2775 1012 2840 At
1035 2775 1120 2840 enim
1144 2795 1181 2840 ex

49 2883 235 2968 elegantiore
260 2881 408 2969 proiecto
431 2882 624 2968 antiquitate
648 2881 707 2947 hos
726 2880 903 2946 versiculos
923 2885 1067 2966 repetere
1086 2901 1182 2946 nemo

49 2987 130 3054 facile
153 2992 300 3057 animum
323 2989 497 3054 induxerit:
520 2993 589 3054 tam
611 3011 677 3054 non
700 2989 796 3053 modo
819 2987 885 3053 alia
908 2992 1103 3073 repugnant,
1127 2987 1182 3052 sed

49 3096 75 3159 in
95 3097 170 3182 ipsis
194 3097 305 3164 verbis
325 3101 454 3183 praeter
482 3097 600 3162 mirum
629 3095 720 3162 illum
750 3095 883 3160 Minatus
909 3093 998 3158 roais
1028 3114 1122 3158 usum
1150 3097 1183 3158 et

48 3207 156 3270 sunnio
179 3205 326 3272 nominis
349 3205 528 3271 novitatem
557 3203 714 3288 quaedam
742 3201 947 3268 construendi
970 3201 1104 3266 durities
1128 3225 1183 3288 pa·

48 3333 109 3375 rum
129 3333 206 3378 sane
236 3311 287 3376 rei
312 3316 450 3377 venusta
477 3311 529 3376 vel
556 3311 689 3376 usitata.
734 3309 824 3386 Quae
846 3313 883 3375 ut
906 3307 1088 3374 distinctius
1110 3330 1182 3391 per-

48 3419 190 3501 spiciatur
222 3419 329 3505 qualis
358 3418 415 3502 sit,
447 3417 568 3484 nostris
596 3415 702 3482 verbis
731 3421 880 3482 enarrate
908 3416 1072 3502 poematio
1101 3437 1182 3502 opus

49 3529 101 3610 est,
122 3527 207 3612 quod
234 3524 361 3610 quidem
389 3525 436 3589 sia
463 3525 728 3610 interpretamur:
760 3522 840 3588 Mihi
864 3523 985 3605 Alfim'o
1007 3521 1182 3588 Fortunato

48 3633 123 3698 uisus
149 3639 199 3699 est
228 3633 348 3698 somnio
374 3633 471 3698 diem
493 3631 586 3696 Liber
606 3636 699 3714 poter
728 3631 874 3714 bimatus,
903 3629 993 3694 Iouis
1015 3649 1030 3692 e
1050 3629 1183 3710 sisimirus

49 3743 138 3818 nno,
160 3739 244 3806 tusis
265 3739 346 3804 irone
367 3738 563 3803 ouationes
583 3739 672 3820 penio
694 3739 802 3802 domiso
825 3734 871 3823 (h.
889 3758 916 3800 e.
940 3735 1003 3801 sibi
1027 3739 1063 3800 ut
1085 3735 1181 3820 genio

49 3843 151 3911 domus
169 3844 327 3933 Alfiniae)
350 3846 536 3912 mandam
560 3865 639 3910 esse.
681 3843 793 3908 Votum
815 3841 860 3928 (h.
881 3866 906 3908 e.
930 3846 1040 3908 votam
1063 3840 1196 3926 basim)·

49 3949 94 4015 deo
114 3953 231 4032 dinaei,
259 3951 314 4036 qui
340 3973 410 4016 sum
427 3951 603 4034 praesedere
624 3951 689 4034 apsa
710 3952 828 4016 castris
874 3949 957 4015 Ades
980 3969 1062 4032 erpo,
1085 3947 1182 4013 Liber

51 4059 140 4142 pater,
170 4077 240 4122 mem
263 4057 408 4134 Panisoo,
439 4077 553 4123 memor
584 4057 690 4122 faetus
719 4055 774 4122 hoe
800 4077 925 4120 neonem
951 4061 1068 4139 mata,
1098 4055 1183 4120 notis

52 4163 130 4247 meis,
152 4163 247 4230 simul
269 4164 381 4246 sospite
403 4168 501 4228 matre
528 4185 648 4228 eornm.
693 4163 810 4228 Facias
833 4183 883 4228 me
907 4161 1056 4227 reducem
1079 4163 1183 4228 uidere

53 4267 183 4354 Rotam,
215 4271 395 4336 ademistis
422 4291 546 4335 missure
576 4269 747 4335 ethonore
776 4273 909 4332 mum
938 4274 1182 4352 coronatumqsw.

54 4369 151 4439 lutis
175 4399 267 4443 nemo
290 4399 354 4443 non
380 4376 481 4443 sentit
503 4398 600 4462 quam
623 4397 739 4461 aspera
758 4374 824 4440 sint
846 4397 876 4440 v.
893 4376 933 4441 12
952 4375 1107 4440 omissum
1126 4397 1181 4449 ose,

55 4498 79 4542 v.
98 4481 134 4544 10
156 4503 225 4550 cum
239 4483 393 4550 ablativo
413 4483 558 4550 iunctum
577 4505 699 4568 memor,
722 4506 750 4550 v.
768 4483 808 4550 13
828 4503 899 4550 oum
919 4482 1029 4550 dativo
1047 4483 1181 4551 domimo
