3040 5122
148 360 292 410 vocatas
316 360 522 410 caussasse
547 363 592 409 ar
616 361 647 408 r..
667 361 790 424 accras
814 361 1075 410 osannarrcvs.
1124 345 1186 410 143

75 503 156 586 ipsam
185 505 319 570 aetatem
350 509 469 590 totam,
500 505 591 571 cuius
620 505 710 570 fuere
739 505 851 570 Livius
878 503 1086 590 Naeviusque
1114 527 1187 570 cum

73 611 201 694 proximis
228 633 328 697 usque
355 611 397 679 ad
420 613 554 679 Accium
582 613 698 698 poetis.
744 613 840 678 Velut
871 634 1003 697 prorsus
1034 613 1188 698 ignorant

72 718 292 800 geminationem
311 717 498 805 Scipionum
521 719 610 810 tituli
633 719 674 786 ad
697 741 796 786 unum
818 741 929 785 omnes
948 717 1188 804 praestantiam:
1263 729 1268 740 ·

71 845 194 910 nomque
216 825 254 890 de
276 825 494 892 Bacanalibus
522 832 766 894 monumentum
795 827 890 912 illud;
920 847 980 892 nec
1008 827 1113 912 magis
1136 824 1188 890 vel

70 931 250 998 Pisaurenses
273 933 397 1018 lapides
419 940 540 1000 norunt
562 935 614 1000 vel
636 933 807 1001 Fruiorum
831 935 1014 1018 sepulcrum
1035 933 1187 998 Tuscula·

68 1059 128 1102 rum
147 1039 194 1104 rel
216 1039 358 1106 luminae
386 1063 497 1108 aereae
525 1041 772 1126 antiquissimae
800 1039 851 1105 vel
880 1040 913 1104 in
940 1040 1028 1104 vasis
1059 1039 1189 1125 quibus·

68 1143 126 1210 dan
145 1150 175 1210 et
195 1145 314 1231 figlinis
337 1147 444 1233 pictae
467 1148 675 1234 epigraphae.
715 1147 762 1213 Vt
784 1146 930 1232 profecto
952 1169 1018 1213 non
1042 1151 1121 1231 agat
1144 1149 1189 1209 to·

68 1273 143 1336 mere,
163 1253 215 1337 qui
238 1253 277 1320 da
300 1253 362 1320 fide
385 1255 643 1332 Quinctilianeae
670 1253 866 1320 narrationis
890 1253 1068 1338 paullulum
1092 1253 1189 1318 addu-

67 1359 150 1424 bitare
170 1361 313 1446 coeperit
335 1385 470 1449 eamque
488 1363 724 1429 dubitationem
748 1385 826 1428 nam
845 1385 909 1447 qno
928 1361 1119 1427 documento
1137 1359 1187 1424 vel

67 1468 322 1550 argumentatione
346 1469 473 1534 firmare
496 1471 613 1556 possit,
637 1469 885 1554 circumspiciat.
927 1467 1020 1545 Quod
1042 1466 1187 1533 facienti·

65 1573 111 1637 tus
131 1574 261 1659 primum
285 1598 353 1642 non
376 1577 498 1662 poterit
519 1600 585 1644 non
609 1577 727 1642 mirum
751 1577 895 1642 accidere
919 1576 1019 1661 quod,
1042 1576 1104 1640 etsi
1127 1573 1188 1638 Aa·

65 1680 132 1744 cium
156 1681 187 1746 in
214 1703 251 1748 ea
280 1683 471 1767 quaestione
499 1683 556 1749 alii
585 1681 789 1768 grammatici
818 1682 896 1746 item
925 1684 1189 1766 commemorant,

64 1791 152 1852 tamen
173 1788 204 1853 id
226 1788 326 1875 longe
350 1791 417 1857 alia
438 1791 564 1857 ratione
592 1789 730 1856 faciunt:
763 1810 821 1854 nec
845 1789 932 1854 enirn
962 1787 1008 1854 ad
1032 1787 1188 1852 Accium

65 1899 89 1957 et
106 1896 192 1980 oltra,
214 1901 250 1960 ut
274 1895 526 1980 Quinctilium,
550 1917 619 1962 esse
643 1896 843 1980 geminatum
868 1895 1028 1977 scribunt,
1056 1894 1111 1960 sed
1135 1914 1188 1979 ge-

66 2001 199 2068 minatum
221 2003 266 2069 ab
292 2003 421 2070 Accio.
468 2003 520 2070 Sic
544 2005 630 2068 enim
647 1999 759 2068 Velius
783 2001 917 2088 Longos
940 2026 970 2088 p.
990 2003 1091 2066 2220:
1113 2022 1188 2066 nam

64 2111 235 2178 aecAociom
257 2113 353 2178 mciii
374 2131 482 2178 aornos
503 2133 621 2194 semper
642 2111 762 2176 accolas
781 2111 988 2194 amoenam
1010 2109 1189 2190 otiumque

61 2217 218 2296 promor
234 2219 364 2302 syllaba
382 2219 530 2300 quoniam
547 2219 686 2302 expedita
704 2217 786 2282 debat
803 2237 865 2284 esec
878 2219 1013 2284 modicia
1030 2217 1188 2282 animodi.

64 2321 116 2388 Nec
136 2327 236 2391 minus
261 2324 566 2410 apertell'arentius
591 2325 731 2395 Scaurus
754 2347 784 2410 p.
803 2325 906 2390 2255:
930 2327 1071 2408 priscam
1096 2325 1190 2406 ipilar

60 2451 104 2508 per
121 2434 314 2500 comacum
332 2433 390 2498 illa
411 2433 557 2498 uideretur
579 2453 641 2499 esse
657 2434 780 2516 ocioso,
802 2433 883 2514 quod
895 2433 1009 2498 Accius
1024 2431 1190 2514 paniculis

64 2537 196 2606 νοοαὶῶιιε
216 2541 312 2606 scribi
338 2545 455 2606 notura
479 2542 586 2624 lonyos
608 2539 744 2624 syllabas
766 2541 877 2624 uoluit,
903 2561 972 2605 cim
994 2539 1112 2622 alioqui
1133 2539 1189 2602 ool-

65 2643 122 2710 icao
138 2647 183 2712 acl
199 2649 321 2714 arblato
334 2649 420 2732 apice
434 2647 636 2732 wnyilrrdiais
649 2651 678 2711 et
691 2647 851 2712 nariam
863 2651 937 2712 rocla
946 2653 1048 2729 posset
1065 2647 1189 2712 maedi.

65 2769 122 2816 cam
149 2755 321 2840 umbros
347 2756 467 2822 uocolm
496 2761 525 2820 et
546 2755 678 2838 proclrmi
705 2759 733 2819 ct
761 2755 875 2836 corripi
904 2759 1034 2836 posseral
1061 2775 1088 2818 o.
1111 2775 1140 2837 q.
1165 2775 1190 2817 s.
1325 2735 1332 2754 '

65 2855 139 2924 Hauc
164 2863 264 2948 igitur
299 2863 334 2928 in
361 2867 488 2948 partem
516 2862 581 2927 illis
610 2861 808 2926 testantibus
837 2860 1116 2946 operaepretium
1140 2863 1190 2922 est

66 2967 231 3054 exardere,
264 2969 343 3056 quid
375 2967 509 3034 tandem
539 2968 661 3034 Marius
690 2967 877 3035 Victorinus
910 2967 1035 3052 prodat.
1091 2963 1189 3030 Cuius

67 3074 133 3153 apud
153 3073 343 3142 Putschium
367 3101 397 3162 p.
416 3077 514 3155 2456,
538 3073 744 3141 Gaisfordunr
767 3099 798 3160 p.
817 3075 837 3140 8
867 3075 964 3140 verba
986 3071 1073 3138 infra
1095 3072 1190 3156 posui

67 3177 154 3260 qualia
170 3180 366 3248 inParisino
389 3182 475 3248 libro
494 3181 657 3266 leguntur,
679 3203 699 3246 a
720 3203 784 3266 quo
807 3201 872 3244 non
895 3179 1022 3244 differre
1046 3177 1189 3244 eiusdem

67 3287 165 3352 secui
191 3287 424 3356 Valentiannm
456 3287 616 3354 Henricus
649 3287 775 3353 Keilius
812 3306 864 3351 me
896 3287 1067 3352 certiorem
1099 3285 1189 3350 fecit:

69 3391 158 3460 lotos
178 3417 249 3462 aero
271 3417 341 3462 arm
364 3397 504 3462 croac
522 3395 657 3480 anguies
676 3395 812 3480 angulos
831 3393 1011 3478 imponebat.
1045 3395 1191 3458 idumaeo

69 3519 81 3558 r
102 3499 209 3570 literam
233 3525 291 3570 neo
318 3527 338 3588 y
368 3505 402 3568 in
430 3503 725 3581 reuocaretur,
753 3503 929 3585 quinquae
956 3506 1028 3566 onio
1055 3501 1192 3582 foccrrrnl

71 3603 187 3676 Nomius
211 3617 240 3676 ct
265 3611 394 3690 Irirrias,
425 3631 494 3676 arm
526 3611 618 3694 loppa
649 3609 768 3692 syllaba
799 3609 959 3674 scribenda
992 3611 1078 3682 rasel,
1110 3607 1191 3670 riuos

70 3717 166 3783 tomas
190 3721 357 3802 ponebam,
384 3725 603 3802 praeterquam
634 3737 712 3801 qaae
743 3718 778 3780 in
810 3717 820 3780 i
854 3717 975 3780 literam
1011 3713 1191 3788 irretierunt,

70 3817 131 3886 luae
153 3829 230 3892 enim
251 3805 352 3912 per⁰e
374 3831 403 3890 ct
424 3826 435 3890 i
458 3825 635 3892 onomat.
686 3823 752 3890 Vbi
779 3823 891 3906 appuis
913 3821 1041 3904 arrprrcis
1069 3817 1191 3884 editum

73 3928 255 4018 seuuemo,
288 3939 321 3998 et
349 3935 421 4000 &em
448 3955 507 4018 pro
534 3935 624 3998 idem.
678 3929 812 3996 Hiscine
841 3929 942 4014 igitur
973 3932 1041 3992 tarn
1075 3925 1191 3992 misere

73 4041 210 4122 coaptis
240 4042 349 4108 verbis
385 4040 664 4126 corruptelamque
700 4057 792 4102 suam
829 4035 937 4120 palam
975 4034 1191 4100 clamantibus

75 4143 140 4207 oreti
161 4149 302 4230 potuisse
322 4148 413 4214 Accii
436 4145 553 4212 Naevii
576 4143 658 4210 Livii
682 4165 885 4208 communem
909 4141 1094 4228 geminandi
1118 4161 1192 4234 oop-

75 4251 248 4320 aaetudinem
270 4255 392 4322 fuisse?
430 4253 519 4331 Quae
542 4253 597 4338 qui
620 4251 730 4336 paullo
755 4251 860 4316 minus
881 4249 1098 4334 incogitanter
1120 4268 1190 4332 per-

77 4353 177 4444 legerit,
196 4361 289 4428 facile
312 4362 479 4448 intelleget
501 4359 591 4424 facili
611 4379 709 4442 opera
727 4357 773 4422 sic
788 4357 964 4422 emendari:
988 4355 1101 4420 Accius
1118 4373 1191 4418 acro

76 4479 128 4525 roro
150 4469 282 4535 anteat
310 4469 464 4554 anginas,
490 4469 628 4554 aggulus
651 4465 792 4550 ponebat.
839 4465 917 4530 idaea
945 4485 998 4530 arec
1024 4485 1041 4526 a
1068 4461 1191 4530 literam
