3040 5122
407 405 556 454 rr‘rvavs
581 403 797 452 numatianus.
1081 431 1088 446 .
1109 383 1169 447 109

45 549 107 625 Quis·
121 551 212 626 puter
233 547 290 610 ortt
306 546 454 630 coyndtns
476 547 556 612 notet
572 567 628 612 uos
646 549 751 612 edura
775 545 862 622 tne‘ri,
886 565 966 628 quae
990 543 1036 608 sic
1059 541 1170 626 digero

45 651 174 716 iambicis
193 651 349 716 numeris:

138 842 146 858 .
190 843 198 858 .
244 847 251 858 .
306 795 392 880 quis
416 817 484 860 nos
509 796 619 878 priter
641 799 707 859 aut
728 798 916 879 cognatus
941 792 1048 858 uolet

137 899 282 965 Contrai
305 901 432 966 tuerI?

42 1063 140 1106 caussa
159 1043 291 1126 quidem
319 1049 417 1128 atque
449 1045 574 1109 ratione
598 1042 673 1126 hac,
706 1045 791 1128 quod
819 1044 900 1110 istac
923 1047 1028 1110 aetate
1052 1043 1171 1126 corripi

43 1149 170 1228 potuisse
189 1155 296 1214 contra
315 1171 407 1234 nego.
446 1149 529 1214 Nutu
550 1171 608 1234 pro
629 1149 685 1214 illo
705 1149 864 1234 Enniano,
888 1157 923 1214 ut
942 1153 1067 1234 putant,
1086 1149 1172 1233 apud

43 1253 174 1318 Serrium
202 1255 235 1320 in
261 1256 340 1320 Aen.
365 1253 454 1338 VIII,
481 1257 543 1320 361
578 1255 693 1320 Criutra
724 1259 913 1334 euridanus,
945 1255 1069 1340 pridem
1103 1279 1174 1342 pro-

41 1361 168 1441 positum
190 1357 248 1426 'Ac
270 1362 377 1428 routrd
404 1363 551 1426 coriarius
575 1363 754 1448 amplector
777 1361 839 1428 hoc
862 1363 1085 1445 confidentius,
1109 1385 1172 1448 quo

42 1469 145 1532 certius
172 1467 258 1532 hanc
284 1467 374 1533 uerbi
402 1467 540 1534 obsoleti
569 1490 752 1534 mensuram
781 1475 813 1534 et
836 1470 919 1534 ratio
944 1469 1053 1534 firmat
1076 1489 1172 1554 quam

43 1595 113 1638 uunc
135 1576 298 1658 explicare
321 1574 454 1660 longum
475 1579 533 1658 est,
557 1579 589 1638 et
607 1575 691 1640 alter
710 1597 821 1638 versus
841 1579 982 1640 testatur
1000 1575 1041 1640 ab
1061 1576 1172 1640 eodem

43 1677 141 1746 Servio
166 1681 313 1764 proditus
338 1731 345 1746 .
368 1731 376 1748 .
399 1731 406 1744 .
429 1703 523 1762 neque
544 1703 591 1746 nac
613 1681 692 1746 brine
714 1681 927 1746 corimintilms
945 1683 1029 1746 eriere
1051 1681 1174 1746 clau-us.

118 1805 192 1870 Non
225 1809 423 1890 exaequatae
458 1813 566 1872 autem
599 1829 671 1870 oum
705 1807 968 1890 pronuntiatione
997 1807 1174 1890 scripturae

44 1913 200 1994 exemplis,
226 1913 337 1996 qualia
365 1935 462 1997 snpra
485 1913 593 1998 tetigt,
622 1913 720 1978 etiam
745 1913 971 1996 monosyllaba
995 1935 1022 1976 v.
1047 1913 1066 1976 3
1091 1911 1174 1978 SVO

44 2025 69 2080 et
89 2017 174 2083 ivn
201 2017 346 2085 addenda
374 2025 458 2084 sunt.
504 2019 565 2084 Sed
594 2021 793 2104 exaequandi
816 2021 991 2106 periculum
1016 2021 1115 2086 ctiam
1139 2020 1173 2086 iu
1188 2025 1245 2066 ΧΠ

45 2123 94 2186 hoc
115 2147 231 2209 genere
258 2127 380 2190 factum
409 2129 471 2208 est,
499 2131 532 2190 et
560 2126 601 2191 ab
624 2126 730 2192 Ennio
760 2127 904 2212 quidem,
931 2125 994 2191 nisi
1023 2149 1094 2192 mea
1125 2149 1175 2192 me

46 2231 218 2298 coniectura
245 2233 347 2298 IaIlit:
376 2253 471 2317 quem
501 2254 572 2298 cum
601 2239 852 2299 consentaneum
881 2239 931 2299 est
956 2238 1024 2298 tum
1054 2255 1091 2298 cr
1121 2235 1175 2298 ob·

46 2345 181 2406 smmtse
220 2339 395 2406 memoriae
433 2339 580 2424 vestIgiis
618 2340 810 2424 quibusdam
848 2341 1050 2422 intellegitur
1090 2339 1175 2406 haud

47 2447 177 2526 paullum
214 2447 277 2531 ipsi
309 2447 541 2532 grammaticae
578 2447 790 2514 stabiliendae
827 2447 1108 2532 emendandaeque
1144 2453 1177 2512 et

48 2553 196 2618 studuisse
229 2558 263 2618 et
291 2555 461 2638 profuisse.
507 2554 621 2640 Itaque
654 2555 688 2620 in
719 2555 803 2620 hanc
831 2559 957 2640 partem
988 2553 1048 2619 hoc
1078 2555 1176 2618 inter·

48 2665 158 2740 pretor,
185 2659 270 2744 quod
299 2659 445 2724 dativum
470 2683 580 2724 casum
604 2660 728 2724 Ennius
752 2659 815 2726 SIS
839 2661 993 2726 extulisse
1017 2661 1177 2724 dicituro

50 2763 133 2830 Festo
156 2789 184 2850 p.
208 2767 283 2848 301,
309 2767 348 2830 19
372 2764 433 2831 hoc
452 2789 560 2830 versu:
584 2767 751 2848 Postquam
771 2769 890 2831 trintina
909 2769 953 2831 sis
970 2769 1065 2831 curtis
1083 2768 1178 2832 umus

51 2873 144 2937 Anum
164 2873 302 2955 reliquit:
326 2873 376 2938 cni
401 2874 583 2958 propinqua
605 2881 681 2936 sunt
702 2895 751 2937 sos
774 2895 832 2956 pro
855 2895 926 2936 snos
950 2873 1068 2936 ibidem
1093 2895 1177 2938 com·

52 2985 250 3046 memoratum
281 2985 315 3043 et
346 3001 414 3044 sant
446 3001 503 3062 pro
535 3001 624 3045 mam
658 2983 689 3045 in
720 2980 814 3044 Pauli
847 2981 987 3064 epitome
1018 3005 1044 3064 p.
1068 2983 1125 3062 47,
1148 2983 1178 3046 3.

53 3085 137 3150 t'uius
163 3087 340 3170 scripturae
367 3087 549 3171 exemplum
578 3086 647 3151 Tls
675 3109 733 3170 pro
764 3087 825 3152 tuis
853 3087 937 3172 lapis
961 3086 1059 3151 villae
1083 3085 1178 3152 Alba-

53 3211 103 3252 nae
119 3191 172 3274 IV,
192 3193 253 3258 139
273 3191 317 3276 (n.
331 3193 418 3258 4847
435 3193 502 3278 Or.)
521 3195 676 3258 servavit:
701 3191 810 3258 CVM·
825 3191 1178 3258 VITA-I'VNOI'VS·

55 3291 205 3364 IVNGAR
218 3333 226 3348 ·
240 3297 308 3363 TIS
324 3335 330 3346 ·
346 3297 498 3364 VMBRA
513 3337 520 3348 ·
538 3299 720 3365 FIIiVItIS.
762 3301 823 3365 Sed
843 3299 954 3364 eadem
978 3307 1087 3364 tamen
1107 3321 1179 3384 pro·

57 3405 205 3471 nuntiandi
232 3407 411 3470 contractio
441 3407 590 3491 neglecta
614 3413 663 3470 est
688 3407 856 3472 scribendo
881 3407 914 3470 in
938 3405 1097 3490 Scipionis
1122 3405 1178 3470 IIi-

58 3511 134 3590 spani
156 3512 275 3599 elogio:

127 3637 298 3704 Virtutes
322 3639 475 3724 generis
500 3639 610 3702 micis
634 3639 810 3704 moribus
834 3638 1091 3718 accumulent,

61 3777 222 3864 pariterque
250 3781 283 3844 in
315 3777 542 3864 antiquissImo
575 3779 659 3862 apud
688 3777 902 3844 IIuratorium
935 3799 965 3861 p.
989 3779 1067 3860 oss,
1094 3781 1109 3844 l
1136 3775 1180 3862 (n.

63 3879 131 3946 2623
153 3885 217 3969 Or.)
241 3885 429 3966 carmine*)‚
452 3885 523 3968 ipsu
547 3885 626 3950 adeo
651 3883 803 3950 SOVIIIS
826 3885 932 3950 torma
955 3885 1182 3970 monosyllaba

66 3985 173 4074 insigni,
195 3991 279 4076 qrrod
303 3991 349 4056 sic
374 4014 444 4056 esse
468 3991 670 4056 scribendum
695 3993 850 4058 arbitror:

122 4153 249 4160 -—---

127 4241 149 4302 ’μ
164 4237 244 4308 [Vide
257 4253 331 4292 nunc
345 4237 375 4292 Ρ.
390 4237 419 4292 L.
436 4237 472 4292 n.
489 4237 516 4294 Ε.
532 4239 588 4294 tab.
605 4237 691 4292 xalx
708 4239 746 4306 G;
762 4237 790 4292 (¹.
806 4239 825 4292 I.
842 4237 869 4293 L.
887 4237 898 4290 I
913 4257 939 4292 n.
958 4245 1031 4293 taor.
1048 4237 1088 4292 CI.
1104 4255 1182 4308 pruc-

69 4326 126 4378 Irrea
142 4325 209 4380 idom
224 4325 311 4396 epigr.
325 4329 360 4382 tr.
376 4325 460 4394 (inira
473 4345 499 4380 n.
514 4327 550 4396 V)
565 4345 590 4397 p.
608 4335 641 4382 16
656 4327 719 4382 adu.
748 4327 844 4382 Ilnsrr.
858 4327 915 4383 tab.
932 4327 949 4384 I.
965 4345 992 4397 p.
1007 4333 1040 4380 43
1057 4327 1182 4380 Ititsche·

69 4405 106 4465 lim
117 4413 180 4470 baec
194 4415 314 4485 scrIpsit:
332 4415 518 4485 ‘Quamquam
535 4435 589 4472 non
605 4415 774 4472 intercedam
790 4417 964 4482 obstinatius,
980 4415 1065 4484 siqui
1081 4415 1183 4468 Ctoub'i

69 4501 137 4556 *isari
149 4505 319 4575 interpretari
335 4523 396 4560 curn
411 4505 584 4559 Mommsono
599 4505 618 4558 I.
635 4507 666 4562 It.
681 4505 715 4560 N.
731 4511 799 4560 5882
815 4505 929 4560 malent.
945 4505 1035 4558 Sonuit
1052 4503 1180 4574 neglectu
