3040 5122
413 373 621 422 urroueuua
646 373 819 424 sonruvu.
1123 359 1186 422 135

62 519 152 584 serbis
173 519 314 584 habente
337 540 434 604 qnam
457 518 491 582 in
515 518 580 582 illis
608 539 691 602 quac
714 515 818 582 Musei
849 517 952 582 nostri
977 516 1056 601 phil.
1080 521 1102 582 t.
1122 517 1184 584 VH

61 651 83 711 p.
97 625 155 690 315
169 648 236 712 sqq.
261 624 391 710 [Opusc.
415 625 447 690 Π
471 648 501 710 p.
519 625 585 690 442
600 623 697 710 sq.*)]
722 623 861 688 tractavi
884 623 1069 688 nominibus
1093 626 1187 690 itiner

61 733 180 798 nilons
199 733 334 813 smirne.
380 731 473 796 Vnde
497 735 584 798 recte
607 731 715 796 Ennio
744 735 894 796 corinetes
917 737 949 798 et
972 733 1186 798 curtncntdrns

59 839 206 905 tribuitur:
228 862 367 906 necnon
386 843 571 924 correptum
591 843 788 922 coqrrirratom
807 839 891 924 apud
906 839 1069 904 Plautum.
1097 840 1185 916 Quae

59 951 153 1030 suapte
174 951 294 1012 natura
317 945 424 1012 brevis
447 948 482 1012 in
506 945 635 1031 syllaba
657 945 692 1011 in
715 945 847 1032 longam
870 952 941 1012 tum
967 945 1095 1012 demum
1119 970 1185 1012 cre·

59 1053 105 1136 rit,
125 1075 193 1118 cum
216 1052 339 1120 coaluit
362 1073 435 1118 cum
459 1053 525 1118 alia
543 1052 648 1120 vocali
669 1075 768 1150 epquc
788 1054 905 1120 radicis
925 1054 1065 1139 propria.
1096 1055 1184 1140 Ergo

57 1167 84 1224 ut
104 1185 120 1224 a
138 1161 229 1240 [ntor
256 1160 390 1226 ductum
417 1165 468 1226 est
492 1161 652 1242 frnrrr‘scor
678 1160 843 1246 (produxit
871 1161 957 1228 enim
979 1160 1122 1227 Lucilius
1150 1162 1184 1226 in

57 1268 128 1332 crito
160 1266 341 1332 hexametri
378 1289 471 1352 arque
500 1269 658 1349 frrrniscor
693 1289 745 1352 epo
780 1289 817 1334 ac
853 1273 886 1332 tu
922 1267 1009 1353 apud
1041 1269 1183 1334 Nonium

56 1397 78 1457 p.
93 1371 161 1462 113)
179 1374 241 1440 hae
257 1375 398 1440 ratione:
420 1376 625 1458 fni-inirem,
643 1373 691 1438 ita
709 1397 729 1438 a
737 1375 837 1458 ple-in
851 1377 1024 1460 ccplcrrunt,
1047 1377 1184 1458 aque-in

56 1481 94 1546 vel
114 1483 212 1564 qni-in
234 1489 422 1568 nequinont,
450 1483 636 1568 maioreque
660 1481 740 1548 adeo
763 1483 957 1548 necessitate
980 1482 1022 1547 ab
1045 1484 1108 1547 ein
1133 1483 1183 1547 rel

56 1589 102 1650 i-in
117 1589 292 1671 prorhnunt
319 1591 449 1655 obinunt
475 1593 634 1672 redicrent,
666 1589 760 1654 utin
784 1589 932 1654 Enniano
956 1609 1050 1654 versu
1074 1589 1183 1654 Prodi·
1200 1611 1225 1651 re

54 1701 118 1757 ruod
143 1697 260 1776 famuli
292 1733 350 1762 -.
403 1695 487 1762 Hinc
521 1696 716 1783 perspicitur
745 1717 811 1760 non
843 1699 928 1760 recte
966 1695 1184 1764 Godofredum

54 1799 257 1868 Hermannum
282 1804 322 1870 de
346 1804 430 1870 Livii
460 1828 498 1870 ex
522 1805 651 1870 Odissia
679 1825 773 1868 versu
801 1803 849 1868 sic
877 1803 1031 1868 statuisse
1053 1803 1087 1870 in
1111 1803 1183 1868 Ele-

54 1910 152 1974 uentis
175 1909 344 1976 doctrinae
364 1911 518 1978 metricae
536 1935 566 1997 p.
581 1913 660 1976 621:
683 1943 702 1969 υ
715 1938 732 1970 r
741 1912 863 1994 purtim
885 1911 993 1974 e'rrcm
1015 1909 1185 1994 iniprrirrunt

54 2017 200 2084 Gruetidm
223 2020 334 2103 redire,
357 2019 411 2104 qui
434 2041 544 2085 uersus
568 2020 615 2084 ita
638 2017 819 2086 metiendus
841 2021 906 2082 est:

105 2141 249 2208 Partim
273 2143 448 2209 errantc's
470 2143 686 2228 nequinont
708 2181 730 2192 -
753 2142 957 2208 Gratcirim
982 2139 1121 2226 redire3

53 2267 97 2330 sed
117 2289 179 2332 non
202 2269 312 2332 minus
336 2267 481 2352 graviter
499 2269 533 2334 in
552 2269 747 2334 contrariam
768 2271 894 2353 partem
914 2267 955 2331 ab
975 2265 1011 2330 O.
1026 2264 1184 2331 Muellero

52 2376 169 2460 peccari,
192 2375 248 2460 qui
274 2395 348 2439 curn
372 2371 536 2458 Supplenu
551 2373 640 2440 Festi
663 2399 693 2460 p.
708 2376 772 2440 397
796 2375 1011 2439 inserinuntur
1033 2372 1184 2456 probavit

53 2480 232 2546 ineiusdem
257 2479 344 2546 Livii
372 2480 433 2546 hoc
462 2483 546 2566 apud
571 2481 703 2548 Festum
732 2505 761 2548 r.
784 2487 903 2564 topper:
935 2479 1034 2545 Milic
1060 2479 1127 2545 cilia
1150 2483 1184 2546 in

52 2587 130 2652 isdem
156 2587 384 2672 inserinuntur,
411 2587 543 2656 admisit
570 2589 654 2674 quod
682 2589 807 2654 nullam
836 2588 877 2654 ab
901 2587 1054 2672 analogia
1077 2589 1183 2654 defen·

52 2694 157 2760 sionem
176 2696 314 2781 patitur.
346 2693 425 2778 Vbi,
449 2717 520 2760 cnm
543 2695 639 2762 fidem
664 2697 748 2780 apud
772 2717 822 2759 me
846 2715 911 2760 non
934 2694 1080 2760 inveniat
1095 2697 1182 2762 bina·

53 2823 111 2866 mm
131 2801 274 2868 thesium
299 2802 390 2867 nullo
413 2803 586 2868 intervallo
615 2826 649 2868 se
673 2801 903 2887 excipientium
926 2801 1113 2886 suppressio
1138 2805 1183 2865 in-

52 2909 222 2994 sriinrintrrr,
245 2909 336 2974 haud
360 2909 427 2976 scio
450 2931 492 2974 an
515 2911 636 2975 rationi
656 2931 720 2974 una
739 2908 865 2973 adiecta
884 2893 1013 2992 syllalia
1031 2907 1183 2972 satisfiat:

197 3011 312 3100 Milia
335 3033 417 3098 iilia
440 3033 478 3098 in
501 3032 621 3098 isdem
646 3071 666 3080 —
689 3031 1027 3098 intc'rscrinrintnr.

54 3155 112 3222 Nisi
133 3159 215 3226 forte
239 3157 364 3244 aliquid
388 3158 587 3244 syllabarum
606 3165 679 3223 ante
699 3161 733 3222 iu
752 3159 847 3224 eden
871 3157 921 3222 rel
944 3161 1020 3242 post
1034 3179 1072 3222 ea
1087 3157 1184 3222 rerba

54 3263 207 3332 intercidit.

126 3370 233 3440 Vnum
258 3372 411 3458 quiddam
437 3373 542 3438 sciens
565 3373 783 3456 praetermisi,
807 3375 844 3436 ut
867 3369 951 3456 qnod
976 3371 1010 3436 in
1033 3371 1093 3438 hac
1117 3373 1184 3456 qui·

56 3475 113 3542 dem
126 3481 316 3564 quaestione
336 3479 400 3544 vim
420 3481 543 3544 nullam
561 3478 680 3544 habere
694 3479 931 3564 intellegerem:
954 3477 1038 3562 quod
1058 3483 1184 3562 spectat

56 3583 86 3648 ad
106 3588 321 3654 nominativos
344 3587 485 3672 plurales
510 3587 667 3652 secundae
698 3586 924 3652 declinationis
946 3607 962 3652 s
987 3584 1099 3650 littera
1121 3589 1184 3650 ter·

57 3691 176 3758 minatos
199 3695 233 3760 in
252 3693 549 3760 VERTVLEIEIS
568 3701 601 3760 et
619 3691 915 3777 Lulssnnnlsrn
939 3691 1013 3756 Non
1028 3697 1078 3754 cst
1096 3691 1183 3756 enim

57 3793 152 3864 harum
180 3823 257 3866 usus
286 3801 465 3866 formarum
494 3806 563 3865 tarn
595 3801 676 3866 artis
709 3801 864 3884 temporis
897 3798 1015 3862 tinibus
1049 3797 1184 3861 circum·

113 3963 247 3972 fi*-

129 4047 226 4120 ⁸)[lbi
253 4048 283 4104 in
311 4047 492 4104 adnotatione
520 4046 670 4102 laudantur
697 4047 783 4102 etiam
806 4041 840 4099 Η.
861 4042 977 4114 Sauppii
1006 4043 1183 4114 quaestiones

60 4130 185 4194 Plautinae
203 4137 369 4210 (Gottingae
390 4141 469 4207 1858)
488 4155 515 4208 p.
532 4143 564 4192 10
579 4155 639 4206 sqq.
676 4137 705 4192 C.
721 4135 778 4207 W.]

115 4226 153 4289 ”l
171 4227 316 4298 [Conferte
347 4243 419 4297 qnae
447 4229 593 4296 praetcrea
621 4224 763 4294 congessit
789 4224 960 4280 Ritsohelius
983 4223 1071 4278 llnrei
1095 4223 1182 4280 Rheu.

61 4311 118 4366 ΗΧ
134 4332 158 4383 p.
174 4321 224 4372 166
239 4334 281 4386 eq.
296 4318 341 4385 (ι-
357 4315 459 4386 Opuec.
475 4317 500 4370 ll
514 4334 542 4385 p.
557 4319 633 4384 647);
653 4315 681 4368 in
697 4313 840 4383 prooemio
855 4314 910 4368 iud.
926 4313 1011 4368 schol.
1028 4312 1084 4367 luib.
1096 4313 1183 4366 Bonn.

62 4406 147 4458 mese
157 4405 227 4460 etos
243 4405 291 4461 ‘de
305 4407 383 4472 idern,
396 4405 481 4460 isdem
498 4403 669 4474 pronominis
683 4402 791 4458 tormis’
808 4403 890 4472 (intra
908 4421 934 4458 n.
950 4403 1025 4472 Xlll)
1044 4421 1070 4472 p.
1082 4401 1119 4456 Vl
1134 4421 1183 4472 sq,

62 4481 180 4546 inindioe
197 4493 387 4550 Enarrationia
406 4492 435 4549 P.
456 4491 487 4553 li,
506 4493 543 4546 M.
562 4493 593 4547 E.
613 4511 640 4562 p.
657 4490 731 4546 121b
751 4511 772 4546 a.
791 4509 816 4547 v.
838 4491 1060 4547 ‘nominativus'.
1079 4489 1108 4544 C.
1125 4489 1181 4560 W.]
