3040 5122
436 371 585 418 riuvuvs
611 372 830 418 uvnnrssrs.
1137 357 1198 420 103

75 537 140 578 rum
168 537 192 578 e.
224 537 254 597 q.
277 537 302 578 s.
334 513 403 578 Neo
434 513 618 598 infrequens
648 513 790 578 eiusdem
819 512 968 579 Herculis
991 515 1198 599 potissimum

74 625 302 702 cognomentum
327 619 532 704 SANC'FVS,
556 626 593 686 ut
615 619 707 686 Grut.
730 645 760 706 p.
784 623 836 704 46,
861 623 889 686 ’1.
908 623 961 706 49,
988 625 1002 686 l
1028 619 1122 708 (0.1.
1142 623 1197 686 Gr.

72 725 109 790 111
127 749 154 810 p.
176 727 265 810 814),
289 727 369 794 Gud.
394 751 423 812 p.
446 729 499 810 34,
523 731 552 811 ti,
576 727 658 794 Mur.
682 751 712 812 p.
739 730 831 810 1084,
855 729 885 794 4.
913 729 1006 813 lusu,
1029 731 1059 794 4.

143 833 262 908 Quodsi
288 834 366 898 item
396 835 668 918 locupletissimos
695 841 844 900 auctores
873 834 1042 900 MVNlVS
1073 858 1198 920 nomen,

70 963 121 1004 nou
150 939 335 1024 blVMlVS,
366 940 479 1024 habet,
511 945 621 1007 tamen
653 941 688 1006 in
722 941 784 1008 hoc
814 941 905 1006 valde
933 941 1074 1007 dubitari
1104 967 1198 1028 posse

70 1047 262 1129 continuum
287 1047 370 1110 torte
395 1045 469 1112 illos
493 1046 576 1110 oculi
598 1047 645 1110 vel
666 1047 774 1130 potius
794 1051 977 1132 temporum
995 1049 1114 1115 iniuria
1130 1073 1198 1116 cor·

68 1175 144 1216 rosus
162 1153 247 1236 lapis
267 1153 377 1218 oculos
398 1153 556 1236 fefellerit,
574 1177 637 1238 quo
653 1157 802 1220 ellectum
817 1160 867 1219 est
882 1159 918 1218 ut
932 1155 1006 1224 aliis
1022 1155 1198 1241 MVlllVS,

67 1258 222 1325 nsulvs
253 1261 343 1346 aliis,
369 1259 531 1346 plerisque
559 1259 729 1326 Mlevs
752 1261 1106 1352 apparereyideretur:
1139 1285 1198 1346 pro

66 1387 117 1448 (quo
139 1365 309 1432 MVINVS
333 1367 418 1450 apud
437 1366 652 1450 Angelottnm
676 1367 819 1450 positum
838 1369 947 1432 neseio
967 1389 1007 1432 an
1027 1391 1196 1452 operarum

68 1471 133 1536 vitio
155 1473 322 1538 debeatur.
363 1471 438 1539 Non
460 1472 578 1538 desunt
600 1473 728 1556 quidem
753 1475 821 1538 sive
844 1475 953 1540 Moccu'i
975 1474 1042 1538 sivo
1066 1477 1198 1540 Monuit

65 1579 151 1646 celin
169 1580 336 1666 lapidibus
356 1581 407 1646 val
427 1581 511 1664 apud
532 1580 717 1664 scriptores,
740 1581 887 1646 'l'acitnrn
907 1581 1020 1646 saltem
1033 1579 1121 1646 'Ilist
1143 1581 1197 1666 lv,

66 1687 97 1750 19
123 1711 200 1772 sqq,
229 1710 428 1772 quamquam
455 1710 495 1752 ne
524 1686 558 1752 bi
586 1687 714 1770 quidem
743 1687 934 1772 antiquioris
962 1689 1080 1752 aetatis
1108 1693 1195 1753 sunt:

62 1793 107 1858 sed
136 1797 364 1880 magistratum
397 1795 452 1879 qui
485 1817 501 1858 e
535 1793 646 1858 Munia
678 1799 775 1878 gente
814 1793 1005 1876 obtinuerit,
1047 1795 1196 1860 novimus

62 1901 215 1968 neminem.
256 1902 327 1966 lam
351 1900 518 1966 latendum
541 1904 592 1964 est
615 1922 692 1964 saue
715 1898 749 1964 in
772 1899 935 1982 privatum
955 1899 1118 1966 hominem
1139 1903 1195 1966 mi-

63 2009 134 2074 nime
167 2011 386 2094 incongruens
418 2031 512 2074 omne
546 2011 775 2092 argumentum
809 2006 904 2072 huius
935 2009 1087 2073 carminis
1116 2031 1195 2091 csse,

62 2119 260 2182 mercatorem
288 2115 495 2200 potissimum
524 2115 636 2198 quales
663 2112 845 2178 Vertuleios
869 2115 1017 2180 crevimus
1042 2115 1075 2180 iu
1099 2117 1194 2182 titulo

61 2221 183 2304 Somno,
205 2223 263 2307 qui
287 2243 320 2286 re
344 2221 425 2286 bene
445 2225 539 2306 gesta
561 2221 727 2285 decumam
754 2219 885 2284 Herculi
910 2223 1116 2304 profanatam
1134 2243 1194 2304 pro

61 2351 143 2394 centro
165 2329 268 2412 deret,
292 2329 334 2393 ab
358 2327 533 2412 eodemque
557 2329 744 2410 precaretur
766 2331 803 2390 ut
821 2328 976 2411 pecuniae
996 2351 1013 2392 e
1033 2329 1194 2394 mercibus

60 2435 184 2502 venditis
209 2435 428 2502 conficiendae
456 2439 605 2518 recteque
630 2432 888 2499 denumerundae
912 2435 1101 2500 facultatem
1130 2435 1193 2500 sibi

60 2543 173 2628 iaceret,
196 2543 369 2626 simulque,
392 2563 432 2606 ue
455 2541 532 2625 quid
557 2541 639 2604 sorte
659 2539 844 2606 detrimenti
865 2565 882 2606 e
902 2541 1054 2606 decumae
1073 2541 1192 2606 climen-

60 2650 136 2716 sione
167 2651 238 2735 ipse
271 2653 419 2732 caperet,
450 2647 568 2712 iustam
599 2651 752 2730 (quaestus
786 2637 1051 2714 distributionem
1083 2649 1192 2714 divino

61 2759 175 2822 numine
209 2756 387 2822 adiuvaret.
432 2753 515 2818 Nam
550 2753 632 2818 hanc
662 2754 727 2818 vim
760 2775 829 2817 esse
857 2757 980 2837 ccpnuli
1007 2756 1194 2820 dissolucncli

62 2866 227 2948 verborum,
251 2860 529 2932 satis.multitudo
553 2859 771 2944 exemplorum
796 2859 889 2924 docet
909 2884 929 2924 a
949 2861 1140 2926 liuhnlrenio
1160 2863 1191 2926 iu

61 2969 120 3035 Ter.
136 2971 254 3037 Heaut.
275 2970 298 3052 l,
321 2971 347 3051 l,
366 2969 409 3032 94
429 2967 642 3052 Ernestioquc
663 2967 695 3030 iu
716 2965 808 3030 Cluvi
828 2967 929 3032 (licet.
948 2971 1191 3054 congestorum:

60 3079 223 3154 saccaron
246 3079 356 3142 autem
384 3077 497 3156 fucere,
520 3098 579 3159 pro
611 3097 674 3158 quo
702 3073 833 3158 antique
864 3073 986 3138 dictum
1011 3079 1060 3138 est
1081 3075 1192 3155 facilia

60 3185 153 3268 fourc,
174 3186 244 3269 ipse
269 3182 382 3248 (licere
405 3183 510 3246 iunxit
533 3182 567 3246 in
590 3180 725 3246 Verrem
748 3179 794 3262 11,
823 3181 878 3264 73,
909 3181 1016 3266 11931)
1063 3181 1125 3246 Sed
1153 3182 1192 3246 dc

61 3290 107 3354 tali
125 3297 230 3358 tamen
250 3290 350 3356 Lucio
365 3288 476 3354 Munio
496 3293 675 3352 mercatore
695 3287 864 3373 quominus
883 3289 1073 3372 cogitemus,
1093 3311 1190 3352 unum

63 3395 84 3459 si
111 3397 184 3481 quid
215 3383 309 3462 rideo
341 3395 476 3480 impedit
507 3397 607 3460 uictor
638 3415 769 3460 nomen:
802 3395 901 3480 quod,
929 3393 1119 3478 praesertim
1144 3393 1190 3458 sic

65 3502 237 3586 simpliciter
264 3503 420 3588 positum,
448 3525 467 3568 a
490 3501 608 3586 privati
640 3501 719 3566 lucri
743 3501 876 3568 notione
900 3523 1032 3586 prorsus
1056 3500 1191 3566 exclusit

65 3613 192 3676 ceterum
216 3610 423 3676 consuetudo.
460 3609 581 3686 Quodsi
605 3608 676 3694 quis
700 3607 783 3674 hanc
806 3607 892 3672 viam
912 3611 1023 3690 patere
1046 3607 1189 3672 animum

64 3712 192 3802 inducat,
219 3723 255 3782 ut
278 3741 344 3784 non
367 3739 438 3783 cum
463 3717 499 3782 L.
524 3716 657 3784 diunius
685 3715 870 3780 nominibus
901 3713 1055 3798 iungatur
1084 3715 1190 3796 uictor,

65 3820 112 3898 sed
129 3845 185 3906 pro
207 3823 359 3890 vocativo
379 3823 423 3888 sit
445 3823 611 3908 adipsum
631 3821 724 3887 deum
743 3820 856 3904 relato,
879 3818 940 3884 hoc
960 3841 1024 3884 non
1043 3841 1115 3902 una,
1134 3819 1189 3884 sed

67 3927 170 4012 triplici
197 3929 389 3996 difficultate
418 3931 554 3997 laborat.
600 3927 684 3994 Nam
713 3929 853 4012 primum
882 3947 996 4010 parum
1024 3924 1189 3992 commode

67 4031 131 4098 duos
153 4039 317 4103 vocativus
339 4037 506 4121 praemitti
534 4035 778 4120 insequentibus
803 4033 957 4114 versibus,
980 4032 1112 4096 tertium
1137 4032 1188 4096 his

69 4137 131 4220 ipsis
153 4143 276 4208 misceri
300 4147 452 4228 apparet,
480 4165 538 4226 pro
563 4163 627 4226 quo
650 4139 860 4224 exspectabas
885 4141 994 4224 potius
1018 4137 1188 4204 SANCTE

142 4303 166 4368 *l
190 4301 277 4372 [0⁰⁸0
310 4299 355 4354 hle
383 4299 527 4370 disputan
559 4303 623 4354 sunt
651 4297 815 4353 retractavit
843 4297 1011 4352 Riucholiuc
1043 4295 1072 4351 in
1100 4296 1187 4350 Musei

72 4379 174 4530 ippone„
192 4388 255 4548 Ἥ
273 4407 300 4459 p.
320 4395 368 4444 191
391 4389 454 4446 adu.
470 4392 499 4443 et
512 4393 532 4444 t.
553 4389 616 4442 XlV
636 4407 662 4458 p.
682 4394 734 4442 398
754 4407 793 4456 sq.
815 4413 847 4434 ·=
869 4389 969 4458 Opuse.
990 4387 1013 4440 11
1032 4403 1059 4456 p.
1080 4393 1131 4440 638
1147 4403 1186 4452 sq.
