3008 5118
335 326 400 390 280
657 341 704 387 ne
729 340 923 387 aroriuravs
948 339 1159 388 cisrenanis

336 482 517 568 apparet.*)
565 484 768 566 Quamquam
797 504 862 546 uon
894 483 976 546 nihil
1004 483 1161 547 interesse
1192 483 1273 547 inter
1298 483 1383 548 OPOS
1407 491 1430 548 et

335 589 536 655 POOOLOM
561 591 707 672 exempla
731 589 818 653 haud
841 589 964 674 ignom.

344 789 346 794 ,
426 714 507 780 Sunt
536 720 643 779 autem
674 719 806 797 paterae
839 714 916 778 illae
948 715 1028 779 haec
1060 738 1140 799 quas
1171 716 1258 780 infra
1285 715 1365 798 posui
1386 739 1435 780 cun

337 824 403 888 suis
427 843 585 907 quamque
609 821 812 906 epigraphis:
841 843 916 885 nam
944 821 977 884 in
1005 822 1130 905 reliqua
1152 824 1289 907 pictura,
1313 824 1380 887 salis
1397 824 1435 886 illa

426 1053 451 1118 *)
480 1051 570 1120 [Quae
598 1068 682 1120 supra
712 1050 817 1119 scripta
844 1052 908 1103 sunt
934 1050 1031 1118 aliqua
1058 1067 1091 1104 cx
1119 1055 1200 1120 parte
1231 1053 1377 1106 retractavit
1399 1053 1437 1104 ltil-

337 1139 457 1194 schelius
486 1140 613 1208 epistolio
633 1140 670 1193 ad
694 1140 809 1193 'Patrem
836 1138 943 1193 Marchi
976 1139 1004 1192 in
1032 1139 1121 1193 Musei
1150 1139 1238 1195 Rhen.
1266 1144 1284 1196 t
1308 1142 1352 1195 Xll
1375 1147 1439 1206 (iren

337 1249 363 1299 pi
379 1235 430 1283 319
445 1247 487 1296 sq.
507 1227 591 1282 misso
609 1229 674 1282 hoc:

284 1340 322 1379 sio
427 1333 593 1387 ‘Fridericus
608 1334 776 1388 Ritschclius
792 1334 819 1388 S.
834 1334 863 1388 P.
880 1334 911 1389 D.
923 1333 1223 1390 Reverendissirno
1242 1335 1333 1390 Patri
1345 1336 1441 1389 llsrchi

337 1420 456 1490 Collegii
475 1422 593 1476 ltomani
612 1421 693 1476 Socio
714 1421 908 1476 celeberrimo.
1303 1437 1305 1440 ·

425 1513 456 1565 lu
476 1529 509 1566 ea
527 1529 610 1580 quam
629 1530 718 1580 nuper
740 1513 775 1566 ad
795 1528 847 1580 nn,
873 1511 916 1566 vir
938 1513 1103 1582 gravissime
1128 1513 1257 1582 idemque
1276 1512 1443 1566 humanissime.

337 1599 601 1655 commentationem
635 1601 777 1654 transmisi
805 1602 839 1654 de
867 1602 1044 1655 fictilibus
1077 1601 1250 1656 litteratis
1284 1601 1442 1656 Latinorum

337 1688 594 1758 antiquissimis
614 1689 727 1756 editam,
747 1706 809 1742 oum
829 1689 858 1743 in
878 1707 991 1744 casuum
1011 1691 1123 1758 formas,
1143 1707 1214 1759 quae
1233 1693 1297 1744 suut
1313 1690 1351 1745 OS
1371 1695 1394 1744 et
1409 1691 1442 1742 ul

336 1797 387 1848 pro
410 1779 455 1832 VS
481 1779 510 1831 ct
527 1778 594 1842 VM,
624 1778 713 1831 oratio
741 1778 890 1840 incideret.
919 1780 952 1832 de
972 1779 1073 1847 quibus
1092 1779 1205 1848 quidem
1230 1781 1321 1849 paullo
1342 1783 1396 1834 autc
1414 1797 1443 1832 er-

336 1867 468 1937 plieatius
492 1865 675 1921 dissemeram
701 1866 731 1919 in
754 1867 890 1936 principio
915 1868 1065 1922 voluminis
1086 1868 1124 1920 lX
1150 1868 1240 1922 Musei
1258 1869 1342 1923 nostri
1357 1867 1443 1936 philolo

336 1955 393 2023 gici
419 1955 494 2024 [vide
519 1956 627 2026 supra]‚
656 1955 726 2009 haec
746 1955 907 2010 'scribebam
931 1975 957 2026 p.
981 1964 1011 2011 16
1032 1975 1073 2025 sq.
1103 1973 1174 2025 quae
1199 1957 1273 2011 inira
1291 1956 1375 2027 posui:
1400 1955 1443 2006 ‘lbi

337 2044 486 2111 quodiam
506 2045 642 2114 principio
663 2077 694 2083 —
716 2063 778 2098 cum
797 2045 933 2098 similibus
952 2045 1090 2114 apparet!

427 2132 511 2186 Vides
531 2151 613 2202 quain
632 2133 662 2187 in
682 2149 721 2187 ua
741 2138 822 2204 grato
842 2135 934 2188 auimo
954 2134 1067 2189 luerim:
1096 2137 1125 2189 et
1149 2137 1245 2190 tamen
1268 2152 1321 2190 uon
1344 2133 1444 2188 satisne

337 2223 419 2291 grato
442 2221 526 2276 luisse
547 2239 608 2276 sero
632 2223 767 2277 intellexi.
806 2222 894 2287 Quam
919 2223 993 2276 enim
1012 2223 1091 2277 nulla
1115 2224 1198 2293 culpa
1217 2242 1292 2293 mea,
1319 2225 1363 2278 sed
1382 2223 1444 2277 alien

337 2309 499 2365 testimonio
519 2310 636 2365 confisus
655 2311 690 2364 ad
710 2311 795 2364 alium
816 2311 928 2366 laudem
947 2312 1056 2378 rettuli,
1087 2319 1149 2366 earn
1172 2330 1245 2366 nunc
1263 2313 1345 2367 amici
1362 2309 1445 2366 Romu

337 2416 381 2452 ms
406 2398 552 2452 certiorem
576 2397 683 2452 faciunt
704 2401 797 2453 totam
821 2415 884 2452 ann
908 2399 1016 2468 deberi,
1045 2400 1121 2454 cuius
1147 2403 1177 2456 et
1199 2419 1266 2457 cura
1288 2403 1388 2472 fideque
1406 2414 1445 2453 reu

339 2487 421 2542 lectio
440 2487 517 2542 tituli
536 2487 703 2542 obscurioris
722 2487 868 2556 explorata
887 2487 936 2558 sit¹
955 2491 984 2542 et
1002 2488 1130 2543 acumine
1149 2490 1330 2560 doctrinaque
1348 2491 1444 2557 iuteqm·

285 2599 324 2635 uec
338 2576 408 2632 tatio
428 2575 543 2629 inventa
560 2577 596 2628 ad
615 2580 742 2644 tempora
760 2576 874 2646 linguae
893 2576 1074 2632 describenda
1091 2578 1252 2634 utilissima.
1277 2578 1375 2634 Redire
1391 2578 1445 2647 igitur

338 2667 373 2720 ad
392 2680 431 2718 'ru
451 2669 595 2732 tamquam
614 2664 788 2733 postliminio
812 2666 890 2732 volo,
914 2683 985 2734 quae
1004 2681 1066 2719 reu
1089 2667 1166 2722 fuere
1192 2687 1210 2722 a
1232 2669 1379 2739 principio:
1402 2682 1444 2735 qur

337 2755 450 2822 quidem
469 2771 486 2807 a
506 2769 544 2807 nn
564 2753 768 2822 aliquantisper
786 2753 947 2808 abalienata
966 2772 998 2808 eo
1017 2757 1127 2824 aegrius
1145 2758 1212 2825 fero,
1238 2776 1294 2828 quo
1314 2761 1342 2812 et
1358 2757 1445 2828 grilion

338 2843 544 2898 benivolentiae
564 2843 656 2897 officia
675 2857 757 2895 avus:
777 2842 931 2897 identidem
954 2844 1014 2914 ipse
1038 2848 1168 2914 expertus
1192 2865 1253 2900 sum
1277 2849 1306 2902 et
1329 2848 1444 2901 suaviorem

338 2933 504 2988 modestiam
526 2933 561 2986 ab
586 2933 661 2986 omui
679 2935 876 3001 praeterquam
896 2934 1023 2988 veritatis
1043 2935 1197 2990 ambitione
1215 2935 1369 2991 seiunctam
1386 2947 1445 2990 onst

338 3024 441 3074 norunt
460 3023 543 3088 atque
563 3022 701 3074 deamant.

427 3110 471 3161 Ita
489 3113 637 3177 postquam
659 3109 785 3178 religioni
804 3111 872 3164 satis
892 3110 998 3165 factum
1018 3115 1067 3180 est,
1088 3131 1172 3167 unum
1192 3116 1224 3167 ut
1242 3131 1275 3168 ex
1295 3129 1334 3168 'ru
1353 3125 1444 3184 quacun

339 3214 382 3250 rcs
401 3197 464 3264 ipsa
481 3198 614 3265 postulat.
653 3197 788 3252 Pusillum
808 3202 862 3266 est,
886 3217 937 3253 nec
956 3203 1050 3254 tamen
1069 3203 1287 3271 neglegendum,
1315 3196 1444 3272 quodlll·

272 3284 279 3295 '
339 3285 467 3339 lllOPOS
496 3285 524 3339 iu
549 3304 582 3341 eo
605 3289 679 3356 quod
704 3303 767 3341 nnn
790 3288 844 3357 ipsi
869 3293 1014 3355 acceptum
1038 3290 1127 3345 resero
1154 3294 1282 3362 exemplo
1311 3310 1363 3362 ego
1388 3293 1444 3356 lecu

340 3374 415 3427 visus
435 3393 504 3442 sum,
525 3374 638 3440 QVIR·
653 3376 744 3431 OPOS
764 3377 903 3446 profertur
922 3378 957 3430 ab
977 3379 1136 3432 auctoribus
1155 3380 1283 3435 lectionis
1302 3395 1389 3434 uvas.
1415 3375 1444 3427 ll·

339 3469 400 3516 teor
418 3464 543 3532 paullulo
563 3465 719 3519 breviorem
742 3483 803 3519 earn
829 3465 961 3519 lineolam
986 3485 1146 3536 essequam
1166 3469 1178 3520 Ι
1202 3470 1326 3524 litteram
1350 3471 1443 3532 inaqu-

339 3554 415 3606 tatus
434 3571 508 3605 sum:
528 3553 576 3606 scd
596 3554 712 3606 carnicm
731 3557 824 3607 tamen
844 3554 918 3609 idern
936 3555 1018 3609 video
1035 3557 1129 3624 paullo
1148 3557 1302 3626 longiorem
1322 3576 1378 3614 esse
1392 3565 1443 3623 qssssffl

339 3657 409 3708 quae
429 3641 496 3694 satis
515 3644 576 3696 tuto
596 3661 645 3711 pro
664 3642 881 3712 interpungendi
899 3648 967 3699 nota
986 3646 1129 3700 habeatur.
1162 3645 1241 3711 Quod
1261 3666 1324 3702 cum
1343 3649 1380 3702 its
1394 3641 1443 3697 aa.

340 3729 463 3784 utillum
482 3731 575 3798 potins
594 3731 668 3784 viam
687 3731 785 3785 inirem
807 3733 860 3787 hoc
875 3750 918 3786 me
934 3735 1073 3802 movebat,
1093 3735 1167 3804 quod
1185 3754 1220 3789 ne
1239 3742 1303 3805 post
1320 3724 1442 3792 round!

341 3818 451 3885 quidem
471 3819 621 3886 quicquam
640 3821 871 3889 interpunctionis
890 3822 1067 3877 interiectum
1088 3828 1136 3879 eet.
1169 3825 1229 3878 Hoc
1245 3825 1333 3896 igitur
1346 3822 1410 3895 quale
1422 3813 1442 3864 fl

339 3909 371 3959 ut
389 3907 465 3960 facili
485 3907 597 3976 negotio
616 3908 638 3961 si
658 3909 735 3962 voles
756 3927 848 3963 coram
862 3911 1001 3980 dispicias,
1020 3913 1061 3966 itu
1078 3929 1151 3966 novo
1170 3913 1223 3967 hoo
1242 3914 1378 3969 comitatis
1392 3909 1442 3960 doru·

340 3997 433 4049 mento
453 4013 508 4048 non
526 3996 703 4050 mediocriter
722 4014 784 4050 eum
805 4002 908 4053 memet
921 4003 981 4053 turn
997 4001 1155 4060 communia
1168 4002 1271 4068 studia,
1290 4003 1383 4071 quibus
1394 3997 1441 4050 wll

340 4086 370 4136 et
388 4084 481 4138 decori
501 4086 529 4137 ct
548 4084 646 4138 honori
666 4102 701 4150 es,
721 4101 785 4139 'run
804 4087 951 4142 devincies.
986 4091 1064 4144 Vale.
1102 4090 1205 4145 Datum
1225 4091 1336 4146 Bouuae
1355 4082 1440 4144 adllb‘·

339 4189 405 4224 num
426 4172 465 4224 ld.
484 4172 548 4226 ltlai.
568 4190 592 4226 a.
614 4173 869 4231 Clolocccuvn)

430 4258 572 4325 Ceterum,
605 4265 637 4314 ut
665 4261 722 4331 ipsc
747 4263 915 4318 Ritschclius
941 4265 1035 4319 Enarr.
1060 4267 1088 4319 P.
1109 4269 1139 4321 L.
1159 4267 1195 4320 M.
1215 4267 1245 4321 Ε.
1265 4275 1326 4337 p.3
1350 4251 1440 4318 uarfflll·

340 4347 430 4400 Roma
448 4364 608 4417 responsum
628 4353 682 4416 cst,
710 4369 765 4405 non
789 4353 900 4406 esseda
921 4353 1226 4424 litteracogitandum,
1253 4355 1301 4410 sed
1319 4355 1438 4422 reapstll'

341 4434 537 4504 quiescendum
558 4438 586 4490 in
605 4437 838 4507 interpunctione.
877 4441 904 4495 C.
921 4441 977 4512 Ν]
