3020 5118
416 401 563 448 rrrvsvs
589 401 793 450 suasanus.
1109 381 1172 447 los

52 541 192 623 vestigata
223 541 494 624 deprehendatur,
526 565 545 607 a
583 542 762 627 philologis
789 541 923 614 discere,
955 561 1050 622 quam
1079 539 1170 604 lasti-

51 646 151 710 diosius
182 647 329 712 cavillari
362 647 547 734 philologos
581 649 764 730 maluerint,
795 669 813 712 e
847 646 1031 712 Schneideri
1060 648 1173 712 rivulis

51 775 109 816 suos
135 753 269 837 irrigare
294 755 417 838 agellos
441 757 595 821 contenti.
641 757 764 834 Quibus
788 761 825 820 ut
848 755 925 820 illud
948 752 1064 836 debeo,
1086 753 1172 838 quod

50 861 140 938 dorius
161 867 193 924 et
222 862 394 942 conflaverit
421 863 561 929 finitima
590 885 659 928 esse
684 863 868 928 Senseritac
886 861 993 944 plasea
1016 859 1117 925 radici
1141 865 1174 924 et

50 966 150 1030 latinae
169 967 280 1048 pluuia
310 969 380 1034 voci
409 969 568 1052 intellexi,
596 971 644 1035 its
668 971 708 1035 ab
733 970 854 1035 eisdem
879 969 1034 1053 percupio
1057 969 1122 1034 alia
1140 969 1174 1034 in

49 1072 95 1136 hoc
119 1095 232 1158 genere
261 1075 385 1158 doceri,
417 1075 502 1160 quod
534 1077 681 1161 equidem
712 1099 776 1142 non
805 1077 963 1160 potuerim
992 1075 1055 1140 uisi
1084 1075 1175 1139 testi·

49 1180 207 1244 moniorum
232 1181 298 1246 fida
321 1183 495 1248 inlustrare
518 1187 552 1247 et
575 1185 690 1268 quibus
711 1183 884 1248 memoriae
904 1181 1021 1246 tinibus
1040 1181 1172 1246 circum·

49 1286 222 1352 scriberetur
246 1289 423 1372 explorare.
456 1291 527 1366 Qua
549 1291 731 1357 tamensis
754 1312 824 1355 cum
849 1289 919 1353 fieri
939 1291 1078 1372 nequeat
1095 1289 1172 1371 quia
1187 1304 1212 1344 π

49 1393 143 1458 saltem
165 1417 242 1478 pars
273 1419 367 1462 verae
394 1399 530 1462 rationis
558 1420 660 1482 caque
688 1419 752 1462 non
782 1397 917 1462 minima
941 1397 1085 1480 patefiat,
1108 1417 1172 1458 non

49 1501 163 1566 nimium
197 1502 317 1567 audere
350 1504 497 1588 videbor,
534 1527 605 1570 oum
644 1505 747 1570 multo
781 1506 873 1588 plura
905 1503 962 1569 OV
996 1503 1173 1586 scripturae

48 1607 187 1692 exempla,
219 1611 248 1674 si
283 1609 358 1694 plus
392 1615 673 1676 monumentorum
707 1615 902 1694 superesset,
940 1613 1100 1693 repertum
1133 1607 1174 1672 iri

48 1713 146 1780 dixero.
199 1715 320 1792 Qualia
350 1717 459 1782 futura
491 1719 575 1800 sint,
609 1723 646 1782 ut
678 1717 834 1800 exemplis
865 1722 957 1798 utar,
989 1713 1174 1780 LOVOIVS

47 1817 208 1886 ltll'NlOll
255 1822 427 1890 ltOVlNA
475 1823 686 1889 MOV'l'AIlE
729 1821 961 1888 PROVDENS
1002 1819 1174 1886 TOVTVS

49 1925 288 1994 svscovmo
313 1929 461 1995 NOVLO
484 1929 671 1994 NOVMEN
697 1928 944 2012 NOVNCVPO,
967 1929 1045 1994 item
1068 1927 1174 1993 NOV-

49 2031 123 2097 ΒΑΜ
152 2057 210 2120 pro
242 2057 370 2101 nerana
403 2041 439 2102 ut
469 2060 535 2103 non
567 2037 742 2102 miraturus
775 2059 897 2120 essem,
934 2037 962 2100 si
994 2033 1174 2101 VOVRA'I'

48 2139 257 2225 potiusquam
289 2143 484 2228 bisyllabam
517 2165 701 2208 mensuram
730 2165 872 2228 aequans
902 2141 1112 2210 VOVERAT
1140 2141 1173 2206 in

50 2247 192 2312 versieulis
215 2249 309 2314 tituli
333 2249 524 2314 Mummiam
549 2251 704 2334 scriptum
728 2253 821 2314 esset.
859 2249 921 2314 Sed
946 2253 1052 2314 tacere
1076 2269 1174 2332 quam

49 2351 180 2420 hariolari
203 2361 362 2440 praestat.

323 2891 367 2964 ll.
424 2891 475 2964 De
503 2891 616 2963 titulo
645 2887 886 2980 Aletrinati*)

348 3045 468 3114 (aceedit
485 3045 584 3100 tabula
601 3043 858 3114 lithographs**).).

124 3191 350 3258 Aletrinatium
384 3191 452 3254 sive
476 3189 709 3255 Aletrinatium
739 3186 868 3252 titulum
898 3185 929 3250 in
961 3185 1117 3250 honorem
1140 3185 1227 3250 laur

55 3287 181 3360 Betilieni
212 3296 246 3361 1.
273 3297 293 3361 f.
319 3296 396 3360 Vari
426 3295 548 3361 laetum
573 3317 645 3360 cum
669 3317 727 3359 nec
754 3292 867 3358 Celsus
891 3290 1090 3374 Cittadinus,
1117 3313 1176 3356 neo

58 3393 189 3466 Gruterus
212 3426 242 3486 p.
266 3403 338 3484 171,
362 3405 380 3466 8
405 3423 600 3486 quamquam
620 3423 639 3464 a
659 3399 778 3464 Smelio
802 3402 980 3484 acceptum,
1003 3400 1083 3462 satis
1107 3397 1176 3462 dili·
1245 3409 1254 3428 ⁶

57 3509 146 3582 genter
167 3508 335 3592 ediderint,
359 3507 399 3572 ad
423 3508 592 3591 archetypi
611 3507 705 3570 fidem
728 3505 874 3588 exemplo
898 3503 1105 3589 lithographo
1130 3502 1177 3566 ita

57 3607 221 3680 imitandum
249 3615 448 3696 curavimus,
476 3619 512 3678 ut
540 3613 579 3678 de
608 3635 684 3676 vera
713 3611 850 3676 lectione
882 3611 965 3676 nihil
993 3611 1057 3674 iam
1085 3609 1176 3672 dubi·

127 3875 150 3944 'l
168 3877 355 3947 [Prooemirm
369 3877 469 3932 indicis
483 3877 639 3932 scholarum
654 3875 830 3930 hibernarum
842 3871 1028 3927 Bonnenrium
1042 3883 1176 3923 annonun

61 3954 240 4022 oltroccctu
258 3970 290 4022 et
306 3965 380 4032 Llll3
408 3981 465 4020 ana
483 3983 545 4020 oum
564 3967 771 4034 programmate
789 3959 950 4016 academico
969 3958 1093 4014 eiusdem
1111 3955 1177 4010 anni

63 4052 112 4102 1852
125 4053 167 4108 ‘de
180 4054 299 4110 miliario
314 4053 471 4124 Popilliauo
485 4054 575 4122 deque
590 4053 791 4122 epigrammate
806 4049 923 4104 Sorano’
934 4047 1010 4102 toras
1024 4047 1120 4101 datum
1137 4048 1179 4100 est

62 4133 172 4198 inlibello
186 4143 378 4200 ‘Monumenta
392 4143 573 4214 epigraphica
590 4141 651 4197 tria
683 4139 804 4194 Berolini
825 4138 904 4192 1862’
925 4136 1023 4192 addita
1041 4133 1176 4206 singulari

63 4219 214 4298 inscriptione
237 4235 307 4289 hac:
338 4231 391 4286 ‘De
419 4231 504 4286 titulo
527 4229 677 4286 Aletrinati
705 4227 921 4283 commentarius
949 4227 979 4281 Ρ.
1009 4223 1176 4279 ttitsohelii'.

65 4307 117 4370 lide
132 4335 198 4375 nunc
215 4323 243 4379 O.
263 4323 284 4376 l.
303 4323 334 4376 1..
354 4321 406 4376 ln.
424 4327 504 4386 1166ς
525 4319 553 4374 P.
570 4319 599 4374 1..
615 4319 651 4374 M.
668 4319 697 4372 ll.
712 4318 769 4371 tab.
786 4317 835 4371 Lll
849 4315 876 4370 Β
891 4319 920 4370 et
935 4315 1030 4368 Enarr.
1045 4331 1072 4384 p.
1087 4319 1121 4366 46
1136 4329 1176 4380 sq.

65 4401 152 4472 aros:
170 4410 203 4466 ol.
222 4408 400 4465 ‘Bullettino’
425 4413 492 4462 1865
512 4427 539 4478 p.
559 4413 601 4464 tt.
643 4411 671 4462 t'.
693 4405 748 4476 W.]

118 4493 153 4564 ”)
170 4497 286 4568 [Tabula
304 4497 342 4552 Vl
361 4498 459 4553 cadom
477 4499 522 4552 ert
538 4499 623 4565 atque
644 4495 673 4550 P.
694 4495 722 4552 L.
743 4493 778 4547 Μ.
799 4493 830 4550 Ε.
849 4494 905 4548 tab.
925 4493 943 4546 l.
981 4491 1009 4548 O.
1030 4489 1088 4560 W.]

913 4581 965 4634 ll*
