3008 5118
349 441 554 494 narmoavu
578 442 847 502 rumovrssrurs.
1106 423 1169 488 271

52 585 279 669 recuperaveris:
315 585 379 651 nisi
411 585 494 650 torta
528 583 739 652 Saetornos
776 585 885 670 potius
917 584 986 649 illic
1017 583 1174 668 scripturn

51 692 133 756 fuisse
156 690 334 757 credideris.
380 690 473 768 Quod
502 691 629 776 quidem
659 691 840 756 certissimo
864 691 1055 756 documento
1078 689 1172 754 disci·

51 801 91 861 tur
114 819 150 862 er
171 799 379 883 inscriptione
407 799 531 864 vasculi
554 798 663 864 Italici
690 799 777 885 quod
804 820 889 864 nunc
911 796 1034 862 Romae
1061 801 1112 860 est
1138 797 1173 860 iu

50 925 142 970 museo
164 904 418 972 luculentissimo
441 904 614 972 Iorrvara
637 905 762 970 l'arar
782 903 1007 971 clariana
1032 903 1093 968 viri
1116 925 1171 968 no-

51 1011 109 1074 lilis
130 1015 161 1076 et
178 1011 322 1078 liberalis
342 1010 517 1097 imprimis:
541 1011 631 1076 cuius
650 1012 708 1078 illa
726 1013 848 1097 insigni
873 1009 1029 1076 beneficio
1048 1009 1172 1074 curiose

49 1116 188 1182 delineata
219 1118 258 1183 ad
291 1141 351 1183 nos
383 1119 530 1202 pervenit
562 1139 620 1202 per
649 1119 797 1203 egregios
825 1117 947 1182 amicos
975 1115 1171 1182 Guilelmum

49 1221 213 1290 lleuzenum
246 1229 281 1289 ct
311 1224 489 1290 Henricum
517 1223 710 1307 Bruanium,
742 1229 915 1309 postquam
948 1223 1200 1288 brevissimams

49 1330 103 1392 eius
123 1332 317 1396 mentionem
331 1329 522 1398 Garruccius
546 1331 623 1397 fecit
645 1331 681 1396 in
696 1331 809 1398 Diario
828 1329 1073 1416 archaeologico
1089 1329 1173 1395 Nea·

49 1436 173 1518 politano
197 1461 281 1506 novo
305 1439 383 1503 anni
410 1439 494 1504 1852
518 1461 548 1523 p.
568 1437 657 1525 86.*)
699 1437 761 1504 Est
783 1441 891 1502 summ
914 1459 954 1502 ea
976 1438 1065 1516 talis,
1088 1438 1173 1502 litte·

48 1564 136 1608 rarum
163 1544 268 1628 specie
296 1545 376 1611 satis
405 1546 477 1612 rudi
505 1545 662 1632 valdeque
695 1545 828 1630 antiqua
861 1567 957 1630 quam
988 1543 1172 1629 typothetia

48 1647 149 1714 imitari
171 1672 237 1717 non
259 1653 364 1718 licuit:

363 1775 589 1844 SAII'I'VRNI
609 1812 615 1827 ·
634 1775 835 1844 POCOLOM

47 1897 107 1963 h.e.
134 1897 315 1965 Saeturni
348 1902 526 1984 pocolom
564 1901 661 1984 [Vide
688 1903 754 1967 tab.
777 1897 824 1966 IX
847 1899 952 1984 figat
975 1901 1083 1982 eta.].
1129 1898 1173 1964 Et

47 2003 114 2070 hauc
133 2005 260 2090 quidem
284 2007 424 2072 formam
447 2006 590 2074 dubitari
614 2009 726 2094 nequit
748 2008 827 2094 quin
851 2005 966 2092 cupide
985 2011 1172 2091 arrepturus

47 2109 127 2176 fuerit
144 2113 372 2197 Buttmannua,
395 2137 570 2199 quasnam
590 2116 658 2180 eius
679 2113 730 2180 dei
749 2113 998 2199 originationem
1021 2113 1172 2177 firmaret.

47 2213 71 2278 ls
95 2220 174 2284 enirn
206 2223 302 2286 vetus
334 2221 527 2287 vocabulum
559 2221 722 2287 exstitisse
754 2221 936 2304 suspicatus
968 2219 1088 2284 satum
1121 2217 1172 2284 vel

47 2345 169 2410 seeum,
203 2327 300 2392 unius
331 2347 348 2394 s
379 2328 510 2394 litterae
543 2329 726 2394 accessione
758 2327 921 2392 diversum
961 2328 1002 2392 ab
1039 2349 1171 2392 aevum

47 2429 136 2512 αἰών,
165 2433 240 2500 hinc
265 2439 450 2502 saturnus
473 2457 621 2501 manasse
644 2441 682 2500 ut
704 2435 746 2500 ab
770 2455 864 2500 aevo
892 2439 1070 2500 aeternus
1098 2455 1172 2500 oon·

48 2537 108 2602 iecit
129 2563 156 2624 p.
173 2541 225 2626 59,
249 2543 435 2626 significatu
458 2564 600 2628 aequans
625 2541 740 2622 aodvoc
764 2541 958 2608 adiectivum
981 2541 1012 2606 h.
1031 2563 1056 2604 e.
1078 2537 1172 2624 ‘pris-

48 2643 100 2706 cus'
119 2647 166 2711 vel
185 2647 335 2714 ‘caseus’z
360 2651 478 2734 quippe
503 2649 593 2714 cuius
617 2650 728 2734 stirpis
752 2655 838 2714 esset
856 2649 954 2716 etiam
978 2645 1171 2712 saeculum

47 2769 152 2818 nomeu.
194 2753 284 2830 Quae
308 2755 455 2840 quamvis
479 2755 644 2820 subtiliter
667 2761 867 2822 commentus
891 2755 946 2832 sit,
970 2755 1171 2818 commentus

48 2861 207 2924 esttamen
230 2883 291 2926 suo
315 2860 469 2945 periculo.
505 2861 588 2928 Nam
612 2867 651 2927 nt
673 2867 799 2928 taceam
822 2861 860 2926 de
884 2861 942 2924 tali
966 2859 1067 2944 stirpe
1088 2858 1171 2924 nihil

48 2963 195 3048 quicquam
219 2967 343 3052 alioqui
368 2971 568 3053 compertum
591 2990 671 3052 esse,
694 2989 753 3033 nec
771 2967 832 3032 hoc
851 2967 1072 3052 perspicimus,
1095 2987 1172 3048 quo·

49 3071 135 3149 uodo,
165 3075 190 3138 si
214 3073 420 3140 aeternitatis
451 3073 665 3139 vetustatisve
691 3073 859 3138 notionem
886 3071 1081 3136 saeculum
1109 3093 1172 3136 vox

49 3171 144 3242 tabuit
169 3179 383 3264 primitivam,
414 3179 487 3244 inde
515 3181 604 3246 nasci
632 3179 759 3265 generis
788 3179 839 3244 vel
867 3177 1086 3264 generationis
1116 3199 1172 3262 po

49 3283 131 3346 testas
153 3286 297 3369 potuerit
319 3307 416 3371 quam
440 3281 559 3350 ‘saecla
582 3285 792 3370 animantum,
817 3286 995 3368 hominum,
1017 3282 1170 3350 terarum'

50 3391 288 3457 consimilibus
316 3391 515 3457 Lucretianis
548 3391 657 3477 palam
687 3395 864 3458 testantur:
895 3415 955 3458 nec
984 3414 1061 3458 vcro
1090 3391 1171 3456 illud

50 3489 125 3558 facile
146 3496 240 3566 hodia
263 3496 486 3580 concedemus,
509 3497 592 3563 unde
615 3497 809 3564 Buttmanni
832 3497 1039 3564 ratiocinatio
1065 3499 1170 3564 omnis

51 3599 174 3678 profecta
191 3610 250 3690 est,
271 3627 371 3670 unum
391 3604 590 3690 eundemque
608 3605 709 3670 tuisse
724 3603 919 3670 Graecorum
935 3603 1057 3684 Κρόνον
1076 3605 1170 3668 deum

50 3701 281 3797 Latinorumque
305 3711 489 3778 Saturnum.
535 3709 606 3786 Quo
634 3710 757 3776 accedit
779 3711 865 3796 quod
892 3731 959 3776 non
981 3715 1033 3775 est
1055 3710 1170 3795 proba·

51 3809 101 3876 lile
121 3837 136 3878 e
156 3821 222 3882 tam
244 3818 390 3905 generali
413 3818 556 3901 notione,
579 3816 683 3901 qualis
708 3821 759 3882 est
782 3817 953 3882 vetustatis
977 3815 1043 3900 illa,
1070 3837 1169 3881 nuum

52 3913 81 3979 de
107 3923 297 4010 principibus
328 3926 397 3992 deis
429 3925 536 4010 gentis
569 3922 704 3990 Latinae
741 3925 909 4009 prodiisse.
966 3922 1170 4008 Omninoque

54 4025 184 4104 quidest
210 4053 265 4098 cur
292 4033 333 4099 ad
363 4033 475 4099 abdita
502 4037 536 4098 et
563 4031 716 4096 abstrusa
738 4031 888 4115 obsoleti,
921 4029 959 4094 de
988 4053 1051 4116 quo
1079 4031 1169 4096 nullo

53 4133 118 4196 teste
139 4143 272 4224 constet,
301 4139 458 4206 sermonis
481 4137 662 4222 confugias,
690 4136 747 4202 ubi
770 4143 883 4222 aperta
910 4137 943 4202 iu
967 4137 1037 4202 luce
1060 4139 1170 4224 posita
1227 4147 1239 4172 ‘

53 4231 153 4304 habeas
179 4243 210 4310 in
237 4245 411 4332 promptu?
457 4243 537 4310 'lale
566 4250 618 4310 est
640 4247 748 4310 autem
774 4265 837 4328 quo
862 4245 927 4308 v'im
950 4245 1169 4312 serationem

56 4337 240 4416 Saeturnus
263 4351 453 4419 Saturnus
477 4351 655 4417 formarum
679 4351 748 4416 sine
771 4350 851 4434 ulla,
873 4351 935 4416 nisi
959 4351 1065 4437 fallor,
1088 4353 1138 4418 dil
1159 4391 1169 4400 -

58 4471 240 4494 “Q-—

128 4539 245 4610 'llVida
262 4561 335 4602 nunc
352 4545 382 4602 C.
403 4547 421 4603 l.
440 4546 471 4602 L.
490 4547 503 4600 l
521 4563 549 4602 u.
563 4551 607 4602 48.
643 4545 671 4601 C.
687 4545 744 4618 Ἣ
