2972 5120
307 285 371 349 536
547 299 692 348 umscsa
717 299 939 348 camuranam
963 299 1220 346 arroununronn

305 443 485 509 testimonii
514 446 648 508 constet.
694 440 722 506 Ε
748 441 922 507 Garruccio
951 442 1066 527 igitur,
1094 442 1172 526 quid
1199 443 1316 508 tandem
1337 443 1412 507 huius

305 551 351 614 rei
375 554 473 626 esset,
496 549 672 612 identidem
696 548 881 613 sciscitatus
905 548 1033 613 litteras
1052 549 1164 632 accepi
1182 549 1316 614 conditas
1332 551 1413 612 suari·

305 661 388 738 tate,
412 656 529 739 quibus
553 677 604 720 mc
627 655 796 719 certiorem
819 655 899 719 fecit
923 677 989 719 non
1013 655 1091 719 alibi
1115 655 1245 739 plenum
1266 657 1415 739 exemplum

305 763 387 828 illud
412 762 544 826 mutilae
567 785 651 828 nunc
674 763 824 827 lamellae
847 759 948 847 (quod
973 783 1033 847 ego
1055 761 1218 836 eschedis
1237 785 1290 826 ms.
1307 763 1416 827 alieuius

306 868 520 933 bibliothecae
553 868 692 952 petitum
724 866 937 954 conieceram)
968 869 1033 933 nisi
1061 869 1097 933 in
1124 869 1190 933 suis
1217 867 1313 950 ipsius
1335 871 1417 952 copiis

306 975 522 1061 epigraphicis
552 975 687 1040 servari:
720 975 805 1058 quod
829 975 913 1039 unde
941 975 1100 1059 prodierit
1127 979 1160 1038 et
1187 975 1227 1039 ad
1254 978 1418 1059 sequaris

306 1083 497 1168 pervenerit,
520 1104 585 1146 non
609 1082 688 1146 satis
712 1085 861 1146 accurate
885 1104 920 1146 se
940 1104 1039 1166 nune,
1061 1082 1275 1166 plurimorum
1293 1104 1419 1146 annorum

306 1191 479 1255 intervallo
506 1189 691 1272 interiecto,
718 1188 894 1272 recordari,
926 1188 981 1252 sed
1011 1189 1185 1273 diligenter
1207 1191 1376 1254 curaturum
1394 1196 1421 1250 ul

306 1296 472 1381 resciscat3
504 1296 542 1359 de
566 1296 627 1359 fide
656 1296 707 1359 vel
729 1299 862 1379 propter
892 1295 1014 1378 figuras
1042 1295 1227 1372 litterarum
1256 1296 1421 1380 prorsusad

306 1426 429 1468 morem
453 1401 659 1486 antiquitatis
689 1401 793 1466 factas
822 1401 905 1465 nihil
935 1422 1005 1465 esse
1028 1402 1241 1468 dubitationis
1264 1425 1362 1486 posse,
1381 1424 1422 1466 ne

307 1511 382 1574 dum
405 1515 443 1574 ut
451 1507 501 1596 'ea
523 1510 601 1593 fingi
626 1531 645 1573 a
668 1531 829 1593 quoquam
852 1509 1018 1592 potuerint
1037 1509 1088 1573 vel
1107 1509 1210 1574 videri
1232 1511 1351 1593 possint
1365 1510 1422 1572 icta

307 1640 387 1700 esse,
411 1638 493 1701 quaa
511 1617 545 1681 in
564 1616 689 1700 postica
707 1619 800 1699 parte
820 1615 978 1700 deperditi
998 1638 1083 1680 nunc
1103 1617 1186 1681 aeris
1203 1617 1352 1700 inscripta
1367 1618 1423 1680 sint

306 1723 395 1787 Haeo
418 1723 505 1787 enim
529 1743 598 1786 esse
622 1722 704 1786 talia
727 1726 853 1786 narrat:

307 2467 357 2531 Ex
381 2467 432 2532 his
456 2469 583 2532 miseris
607 2468 837 2533 vocabulorum
860 2467 1007 2551 reliquiis
1030 2489 1095 2532 non
1114 2470 1215 2534 fuerit
1232 2469 1354 2534 difficile
1374 2468 1423 2532 at

309 2598 419 2640 eruere
449 2573 593 2656 εΙλΟΙίΟ,
626 2577 693 2639 v.9
723 2570 886 2642 ...B05
920 2574 1066 2639 dativum
1095 2576 1324 2660 ablativumve,
1353 2599 1377 2639 v.
1396 2574 1423 2636 lt

307 2680 414 2747 oIle
436 2732 487 2747 ...
510 2681 624 2745 ‘Versu
640 2685 747 2745 autem
763 2682 782 2744 6
799 2682 940 2764 positam
958 2677 983 2757 Ῠ
1001 2681 1137 2766 figuram
1153 2705 1284 2766 prorsus
1296 2681 1423 2746 Graecam

310 2791 371 2854 etsi
390 2790 500 2872 paullo
519 2788 614 2852 citius
630 2787 850 2852 Mommsenus
870 2787 953 2851 dixit
970 2789 1060 2852 nullo
1080 2789 1154 2852 dum
1176 2789 1319 2872 exemplo
1331 2786 1423 2851 Latino

309 2896 514 2959 observatam
534 2917 613 2971 esse,
631 2898 741 2956 tamen
761 2897 889 2976 praeter
908 2894 1073 2977 speculum
1088 2895 1295 2960 Berolinense
1310 2895 1369 2959 tab.
1380 2891 1426 2957 If

310 3000 358 3081 [C.
373 3003 397 3066 Ι.
413 3001 447 3065 L.
465 3001 481 3065 Ι
500 3024 529 3065 n.
545 3001 612 3081 59]‚
636 3000 670 3063 in
689 3022 752 3083 quo
772 3005 823 3064 est
841 2996 1107 3075 MIRPVR105
1133 3002 1297 3086 scriptum,
1317 3002 1422 3064 tertium

309 3109 491 3190 exemplum
511 3130 622 3173 revera
639 3107 783 3172 nondum
804 3107 952 3170 innotuit.
970 3144 1007 3152 —
1030 3105 1181 3171 Ceterum
1201 3107 1239 3171 de
1257 3103 1423 3171 hactabella

310 3213 531 3296 quaestionem
555 3236 683 3279 omnem
708 3217 843 3296 apparet
871 3213 1090 3297 ampliandam
1114 3236 1184 3279 essa
1214 3220 1249 3279 et
1271 3220 1422 3298 exspectan·

309 3319 384 3387 dum
413 3320 440 3382 si
470 3321 545 3403 quid
574 3321 613 3384 ad
637 3320 852 3403 dispellendas
877 3319 1041 3405 tenebras,
1073 3320 1191 3404 quibus
1221 3323 1310 3407 origo
1334 3340 1420 3384 monu-

310 3426 411 3488 menti
435 3425 626 3510 obvolvitur,
651 3427 823 3490 scrutando
847 3426 1101 3511 inquirendoque
1126 3427 1293 3493 efficiatur.

398 3748 558 3824 Quoniam
590 3749 622 3812 in
653 3749 850 3832 corrigendis
875 3747 1127 3832 supplendisque
1150 3747 1197 3811 eis
1222 3768 1337 3828 versor,
1359 3762 1418 3825 qva?

309 3855 398 3938 prius
423 3855 591 3939 proposita
615 3858 703 3937 sunt,
734 3855 814 3918 libet
837 3855 898 3918 hac
922 3855 1164 3938 opportunitate
1191 3855 1240 3918 uti
1263 3852 1302 3916 ad
1322 3849 1416 3914 dubila-

309 3961 414 4024 tiones
438 3962 595 4044 quasdam
619 3965 706 4025 certo
731 3961 850 4025 iudicio
870 3962 1032 4025 tollendas
1054 3983 1135 4044 quae
1159 3959 1199 4024 ud
1223 3959 1341 4041 elogia
1359 3950 1416 4016 Sci-

310 4068 463 4149 pionum
495 4071 654 4152 spectant.
702 4067 789 4142 Quae
823 4089 895 4131 oum
929 4088 988 4151 ego
1021 4066 1054 4131 in
1082 4067 1115 4130 P.
1139 4066 1175 4130 L.
1198 4066 1241 4131 M.
1263 4065 1297 4130 E.
1325 4057 1414 4126 tubuli·

310 4173 465 4237 XXXVII
472 4173 603 4237 --xnss
623 4178 744 4256 quanta
758 4196 888 4256 possem
910 4174 971 4237 fide
991 4173 1030 4237 ad
1050 4179 1168 4257 ectypa
1182 4174 1340 4238 chartacea
1355 4185 1414 4248 quae

239 4283 381 4341 xixtum
404 4280 438 4342 in
462 4283 611 4362 promptu
641 4284 734 4343 erant
761 4278 1003 4362 expressissem‚
1033 4301 1098 4343 non
1125 4279 1280 4364 neglectis
1303 4267 1413 4359 quarte

311 4383 446 4468 singulis
475 4385 666 4466 quibusdam
699 4386 796 4449 rebus
826 4385 1004 4450 sciscitanti
1032 4385 1113 4449 mihi
1141 4385 1296 4450 Brunuius
1319 4379 1411 4444 Heia
