3040 5122
351 371 413 436 108
726 387 873 432 rrrunvs
898 385 1115 431 nro‘numnvs.

349 530 466 594 lribeo
491 531 667 612 expectet:
691 528 728 593 si
749 528 862 612 fucit,
886 528 1074 612 gaudebit
1097 522 1290 609 semper.*)

349 637 557 720 Postquam
581 635 807 701 oeciderunt
830 656 910 717 spes
935 635 1109 716 o'm[nes],
1128 631 1298 698 odnsulis
1319 637 1377 696 toln
1395 632 1449 694 no?

350 759 412 824 Sed
435 760 497 844 ipsi
521 760 638 844 Ennio,
661 783 795 846 graecae
816 761 998 824 severitatis
1022 760 1108 824 inter
1125 760 1289 823 Romanos
1312 758 1416 820 auctori
1429 761 1450 818 et

349 867 467 931 vindici
487 869 653 951 acerrimo,
673 889 749 932 cave
769 868 866 931 talem
886 867 1050 931 licentiam
1070 867 1196 931 tribuas
1216 887 1288 929 cum
1302 863 1451 928 Hermanno

348 973 450 1038 Elem.
475 974 574 1039 doctr.
599 978 689 1038 metr.
713 997 743 1057 p.
768 970 896 1059 347.**)
943 971 1028 1037 Nam
1052 973 1086 1036 in
1110 971 1387 1056 Hedyphageticon
1405 971 1452 1052 qui·

349 1081 421 1143 olem
446 1079 506 1164 (sio
535 1081 621 1144 enim
650 1077 870 1164 Florentinus)
896 1080 980 1162 apud
1004 1079 1179 1162 Apuleium
1202 1078 1241 1141 de
1265 1078 1366 1162 magia
1388 1099 1408 1140 o.
1426 1078 1452 1140 39

350 1211 379 1271 p.
403 1189 467 1253 489
492 1188 650 1268 versibus,
679 1187 734 1270 qui
761 1209 826 1251 non
848 1187 940 1270 peius
964 1209 982 1251 a
1009 1187 1152 1250 librariis
1177 1208 1274 1270 quam
1298 1184 1336 1247 ab
1358 1183 1454 1247 editori·

349 1295 409 1358 bus
434 1294 538 1359 habiti
562 1300 646 1378 sunt,
670 1295 811 1359 dubitari
835 1294 948 1379 nequit
967 1294 1043 1378 quin
1063 1316 1135 1358 oum
1156 1293 1230 1357 aliis
1251 1295 1405 1374 corruptus
1419 1291 1453 1352 hio

350 1403 406 1466 sit:
443 1402 696 1484 Melanoorotm,
742 1403 893 1466 turdum
945 1401 1204 1484 merulamque
1246 1400 1454 1480 umbramque

349 1506 544 1572 marinam.
591 1508 691 1584 Quem
715 1509 823 1572 nescio
848 1531 889 1573 an
909 1508 987 1571 vitio
1013 1508 1059 1571 sic
1082 1511 1169 1571 recte
1193 1507 1329 1571 liberem
1350 1504 1455 1569 ascitoe

348 1616 484 1681 Mosella
508 1616 676 1700 pisciculo:

323 1742 552 1824 Alburnum,
580 1741 731 1805 turdum
758 1741 1018 1825 merulamque
1049 1740 1298 1824 umbramque
1322 1738 1472 1801 marinon:

348 1866 412 1929 nisi
436 1866 519 1930 forte
544 1871 601 1930 ant
624 1867 749 1929 turdum
772 1869 828 1929 aut
851 1867 1002 1929 nemoriani
1026 1887 1045 1928 a
1065 1866 1165 1930 sciolo
1185 1866 1346 1929 adiectum
1363 1853 1411 1940 e'sl,
1425 1859 1457 1920 rel

348 1974 499 2037 isinana
528 1996 565 2036 ex
595 1974 665 2054 ipso
693 1973 889 2036 accolanarum
917 1975 1038 2054 ortum,
1070 1972 1132 2036 hoc
1161 1973 1300 2055 piscium
1329 1990 1415 2055 genus
1436 1971 1458 2028 ut
1496 1964 1501 2027 ',

350 2080 438 2143 velut
462 2080 508 2144 sio
531 2083 687 2143 servetur:

324 2206 556 2287 Alburnum,
584 2206 752 2288 turdum,
781 2205 1018 2269 melanurum
1048 2205 1301 2289 umbramque
1330 2203 1474 2268 marinam.

349 2329 457 2392 Minus
482 2329 579 2392 etiam
608 2328 682 2392 fidei
707 2329 789 2393 alter
812 2351 922 2392 versus
946 2329 1115 2393 Ennianus
1138 2328 1239 2392 habet
1263 2329 1397 2392 admisso
1413 2347 1460 2409 pro

351 2435 579 2500 celeusmatioo
604 2436 650 2498 sic
673 2435 847 2519 propagari
872 2435 999 2499 solitus:
1023 2435 1217 2517 Capitibus
1240 2437 1379 2500 noilnntis
1396 2433 1461 2515 pind

349 2543 499 2624 rectosque
517 2543 679 2623 nuperrimos,
717 2543 786 2618 Quo
806 2565 899 2607 versu
919 2545 1062 2607 Enniana
1081 2527 1205 2607 Gellius
1224 2543 1317 2625 Xlll,
1339 2543 1378 2606 20
1394 2543 1462 2602 testa·

349 2654 402 2712 tus
425 2654 542 2712 rectos
570 2669 761 2729 cupressos
783 2651 897 2714 dixisse
924 2656 1030 2714 contro
1052 2655 1201 2732 recopotnm
1228 2650 1367 2716 vocabuli
1386 2666 1462 2729 penora.

348 2755 399 2819 his
424 2755 528 2818 verbis
558 2756 679 2839 pergit:
711 2762 818 2820 contro
845 2777 916 2820 oecro
944 2757 1023 2821 idom
1052 2757 1179 2822 Erucius
1207 2759 1242 2821 ia
1274 2756 1391 2822 Annali
1413 2753 1461 2816 oliuo

347 2863 526 2927 ‹lnoiccsimo
550 2884 574 2925 e.
605 2884 633 2945 q.
665 2885 697 2943 s,
722 2884 785 2945 quo
813 2885 878 2926 non
907 2885 944 2926 ex
973 2863 1151 2926 Annalibus
1179 2865 1270 2946 prius
1301 2887 1367 2928 esse
1388 2880 1463 2925 eren·

347 2970 436 3053 plum
460 2969 597 3053 petitum
627 2967 803 3052 significari
834 2969 968 3032 videtur.
1015 2968 1153 3033 Gravius
1178 2975 1227 3033 est
1251 2971 1337 3054 quod
1359 2991 1394 3033 ne
1417 2987 1464 3045 rep

347 3077 432 3159 perit
460 3076 590 3158 quidem
618 3075 768 3156 capitibus
795 3077 936 3139 cantantis
964 3075 1048 3158 apud
1074 3074 1215 3139 Gellium
1244 3079 1397 3160 scriptum
1417 3073 1465 3134 eius

348 3182 541 3265 compilator
563 3181 689 3245 Nonius
714 3205 742 3264 p.
770 3183 845 3263 195,
874 3183 928 3244 sed
953 3181 1102 3262 capitibus
1124 3184 1326 3249 avolantibus:
1354 3182 1383 3247 id
1403 3173 1465 3264 quod

349 3289 448 3352 etiam
473 3288 745 3372 Guelferbytanus
770 3289 868 3352 codex
893 3288 989 3352 Gellii
1014 3289 1112 3360 habet
1132 3290 1165 3351 in
1185 3292 1342 3374 margine.
1377 3283 1465 3352 vohis

347 3397 427 3479 ipsis
452 3397 558 3462 verbis
587 3396 708 3459 exitum
734 3418 844 3458 versus
868 3396 1025 3460 contineri
1049 3401 1220 3479 appareat,
1244 3398 1301 3481 qui
1326 3418 1393 3461 cum
1413 3413 1465 3476 pro·

348 3504 427 3566 nimi
452 3504 545 3567 initio
568 3526 633 3568 non
658 3502 859 3567 incommode
887 3505 1002 3586 coibit,
1032 3504 1087 3566 ubi
1110 3526 1207 3568 unam
1231 3504 1376 3568 voculam
1401 3495 1466 3563 addi·

349 3611 443 3694 deris,
461 3611 551 3673 velut
569 3611 637 3674 ibus
657 3610 774 3673 litteris
795 3610 981 3692 absorptam
1001 3610 1051 3692 ibi,
1071 3610 1132 3673 hoo
1152 3612 1301 3695 exemplo
1317 3607 1467 3674 trochaico:

454 3784 886 3802 .........
932 3735 1126 3817 capitibus
1155 3738 1384 3802 nutaintibus

454 3829 520 3907 lbi
551 3843 664 3925 pinos
698 3844 907 3925 rec-trisque
936 3863 1147 3924 cupressos
1167 3893 1383 3908 .....

348 3971 454 4051 Atque
479 3968 558 4032 alibi
583 3990 709 4053 quoque
734 3990 792 4050 pro
818 3967 1012 4030 hexametris
1036 3965 1187 4030 Enniana
1211 3968 1310 4032 verba
1333 3987 1392 4031 nen
1412 3962 1466 4024 ilar·

348 4077 448 4158 tylia-a
473 4078 605 4156 accepta
628 4078 712 4156 sunt,
737 4078 772 4137 ut
792 4074 876 4156 apud
897 4073 1074 4137 Varronem
1095 4074 1133 4136 de
1152 4075 1172 4138 l.
1192 4075 1248 4139 lat.
1269 4074 1341 4156 VH,
1363 4073 1396 4136 12³
1413 4067 1467 4130 illo:

442 4318 465 4384 *)
486 4319 587 4389 [Musei
609 4320 694 4372 ltlron.
720 4321 737 4373 l.
762 4341 781 4373 s.
807 4340 826 4372 s.
851 4340 877 4389 p.
898 4328 948 4373 414
974 4319 1143 4373 ltitsclrolius
1167 4322 1324 4389 proposuit:
1345 4318 1430 4372 ‘loono
1446 4316 1466 4360 ¹⁶¹

348 4407 445 4462 icissei:
465 4411 488 4460 si
507 4408 588 4473 lacit,
607 4409 741 4474 gaudnbit
761 4410 888 4478 simper?
928 4411 956 4463 C.
978 4409 1034 4479 W]

419 4495 460 4564 **)
482 4495 529 4567 [Cf
555 4497 643 4550 llusci
659 4499 746 4552 ltlrcn.
766 4499 829 4551 xlv
847 4498 930 4566 (inira
945 4518 969 4552 n.
985 4499 1060 4566 xlv)
1075 4516 1101 4567 p.
1118 4505 1168 4552 407
1186 4517 1226 4568 sq.
1242 4500 1304 4553 adn.
1340 4491 1425 4558 C.W·l
