3008 5118
320 325 385 389 306
594 341 714 389 eons1s
739 338 937 387 sarvammn
961 335 1193 387 seromuarvn.

867 483 917 549 10.

409 589 525 655 Paullo
550 590 751 656 difficiliores
775 595 917 655 tractatu
940 589 990 654 illi
1009 611 1120 653 versus
1142 591 1225 668 sunt,
1244 608 1362 670 quorum
1376 608 1426 649 me·

320 697 456 761 moriam
480 696 604 761 Gellius
633 698 684 762 his
714 699 819 763 verbis
848 696 1020 762 conclusit:
1050 697 1222 759 aetoriliam
1252 694 1347 758 omniu
1368 695 1427 756 iidie

318 803 426 868 liobae
438 804 601 885 pavitabant.
633 810 829 886 siaeuiptaosus
847 805 976 887 caradas
994 804 1113 884 clepens
1130 803 1262 865 uitiosus
1278 802 1429 880 irritaqui

318 909 493 994 labebatur,
520 913 548 974 is
571 912 766 975 formabatur,
813 910 993 995 Tamquam
1025 911 1058 973 in
1089 909 1198 972 oculos
1225 907 1376 971 incurrere
1394 904 1432 969 Sa·

320 1017 444 1081 turnios
469 1039 541 1081 cum
566 1017 606 1081 ab
629 1018 723 1082 initio
753 1023 822 1080 tum
846 1018 879 1081 in
903 1018 966 1081 fine
989 1017 1092 1082 dicas:
1121 1013 1324 1098 refragantur
1347 1014 1433 1088 medis,
1484 1084 1489 1093 .

320 1123 459 1187 sednon
482 1125 587 1188 minus
613 1125 791 1202 sententiae
816 1147 912 1208 quam
936 1127 1040 1187 metro
1059 1121 1274 1206 refragantur.
1301 1119 1433 1184 Vitiosum
1488 1108 1494 1139 ⁴

320 1252 389 1294 esse
420 1232 551 1295 uitiosus
583 1230 776 1295 vocabulum
809 1253 868 1295 nec
901 1229 1101 1296 Boeckhium
1132 1249 1191 1292 nec
1222 1225 1434 1290 Fleckeisenum
1488 1234 1494 1315 j

319 1336 417 1421 fugit:
441 1359 574 1420 quorum
600 1337 653 1401 hic
678 1338 854 1402 luminosas
878 1337 1057 1420 substituit,
1079 1337 1135 1399 ille
1158 1356 1224 1398 non
1247 1333 1309 1424 hoc
1328 1336 1436 1399 tantum.
1488 1328 1492 1360 ²

320 1443 375 1508 sed
400 1444 498 1508 etiam
517 1445 646 1526 uipidus
663 1444 857 1508 adiectivum
876 1467 1009 1529 prorsus
1029 1442 1149 1506 delevit
1166 1446 1203 1504 ut
1222 1463 1238 1504 e
1258 1440 1435 1524 glossematis
1484 1464 1491 1525 ς’

319 1554 405 1616 nata.
438 1549 497 1615 Cui
522 1571 581 1635 ego
606 1555 739 1615 eatenus
764 1553 926 1616 assentior
948 1556 985 1614 ut
1007 1551 1137 1614 uitiosus
1160 1547 1199 1612 ad
1214 1548 1334 1630 elepans
1353 1568 1437 1610 rocem
1484 1628 1489 1637 Ι

320 1659 518 1743 adscriptum
547 1659 588 1722 ab
618 1680 655 1722 eo
679 1661 790 1743 putem
820 1659 874 1743 qui
902 1658 988 1722 hanc
1011 1678 1121 1722 vocem
1150 1654 1234 1738 apud
1264 1655 1365 1737 ipsum
1384 1651 1437 1716 Gel-

319 1766 399 1828 lium
422 1766 556 1850 legisset
581 1764 634 1829 ‘ad
654 1769 794 1830 aetatem
813 1765 857 1830 M.
873 1763 1008 1831 Catonis
1027 1764 1113 1847 uitii,
1135 1783 1201 1827 non
1222 1759 1338 1825 laudis’
1354 1759 1440 1822 fuisse

320 1870 382 1936 Sed
411 1872 449 1937 de
477 1874 606 1955 capuae
634 1895 745 1936 verum
778 1874 897 1938 vidisse
930 1871 1129 1937 Gronovium
1159 1873 1287 1954 patrem
1318 1869 1439 1933 arbitror.

320 1983 426 2042 ortum
443 1978 522 2042 illud
543 2001 560 2042 e
579 2001 687 2061 mappam
707 2003 777 2044 esse
797 1981 847 2044 vel
867 2001 925 2065 pro
945 1979 1007 2043 hoc
1027 1975 1249 2042 substitutum.
1281 1974 1438 2038 Tenendum
1482 1936 1488 2039 t

320 2089 369 2149 est
393 2085 478 2149 enim
502 2091 630 2169 praeter
653 2091 769 2166 cetera,
792 2108 857 2151 non
877 2086 910 2150 in
930 2108 967 2150 eo
987 2107 1058 2149 esse
1073 2083 1230 2149 Catonem
1249 2086 1286 2146 nt
1304 2080 1439 2166 quaelibet

320 2191 399 2255 vitia
421 2198 618 2276 percenseat,
650 2194 705 2257 sed
728 2200 764 2259 ut
788 2195 941 2279 opposita
964 2193 1128 2257 avaritiae.
1170 2191 1207 2254 ld
1231 2194 1337 2254 autem
1357 2189 1439 2271 ipsum

282 2302 433 2362 1³contra
461 2300 575 2364 limitas
603 2302 810 2385 potissimum
839 2300 987 2365 vocabuli
1016 2300 1111 2364 fidem
1142 2300 1190 2362 ita
1220 2296 1321 2374 valet,
1350 2298 1383 2359 ut
1405 2293 1438 2355 sel
1486 2321 1487 2324 ¹

320 2408 491 2487 propterea
511 2407 608 2470 mirer
627 2408 747 2471 nemini
768 2411 953 2491 suspectum
972 2407 1082 2470 fuisse.
1107 2403 1241 2468 Accedit
1260 2407 1363 2467 autem
1376 2398 1438 2486 quod
1484 2384 1487 2424 ³

320 2511 462 2594 omnino,
486 2513 541 2595 qui
564 2514 695 2577 taudem
719 2515 762 2577 sit
781 2514 836 2597 qui
858 2516 970 2578 inritas
989 2513 1116 2578 dicatur
1134 2510 1337 2594 simplic-iter,
1357 2508 1401 2572 vir
1414 2527 1438 2568 ae

320 2639 359 2680 ne
384 2617 437 2681 vir
461 2617 591 2700 quidem
610 2618 821 2704 intellegitur:
846 2642 904 2684 nec
924 2622 1009 2684 enim
1028 2641 1192 2705 umquam,
1216 2615 1303 2701 quod
1322 2617 1439 2692 scimus,
1482 2620 1487 2699 l

320 2745 513 2807 quemquam
543 2726 670 2789 inritum
702 2732 825 2790 veteres
854 2726 1004 2791 dixerunt
1035 2727 1099 2790 uisi
1128 2729 1185 2790 aut
1211 2724 1360 2808 genetivo
1383 2741 1438 2785 orsu
1481 2708 1488 2831 t

320 2831 448 2896 adiecta
475 2836 532 2896 aut
563 2833 635 2916 ipso
667 2833 865 2897 narrationis
894 2838 1006 2898 tenore
1035 2834 1114 2899 satis
1145 2831 1330 2916 significata
1356 2851 1387 2892 ea
1409 2845 1439 2904 rc
1484 2852 1487 2879 ¹

320 2939 360 3002 ad
385 2938 474 3002 cuius
497 2939 665 3003 notionem
696 2938 779 3001 irriti
809 2939 966 3021 cogitatio
990 2939 1178 3004 referretur:
1207 2938 1299 3002 velut
1325 2957 1388 3002 oum
1406 2933 1438 2994 it·
1483 2986 1487 2999 .

320 3046 415 3108 ritum
438 3046 514 3125 spei,
537 3045 673 3125 conatii,
697 3045 858 3125 depictionis
881 3044 1038 3128 dixerunt,
1060 3044 1111 3108 vel
1131 3066 1203 3109 oum
1222 3045 1323 3109 uastis
1340 3039 1438 3106 aana'-
1483 3068 1487 3095 ι

320 3150 375 3213 bus
397 3151 512 3212 inritus
538 3156 625 3231 arpct
648 3149 827 3234 Vergilius,
857 3152 948 3214 inriti
976 3152 1067 3233 depuli
1093 3153 1294 3234 rariifbmtur
1320 3146 1437 3213 Tacitus:
1483 3098 1489 3205 l

321 3261 354 3320 ct
382 3256 428 3319 sic
455 3256 490 3318 in
518 3256 680 3320 similibus
709 3259 868 3322 omuibus.
920 3257 964 3321 Et
990 3256 1130 3322 fortasse
1157 3279 1198 3320 ue
1228 3257 1309 3321 haec
1337 3252 1436 3340 quidem
1483 3212 1490 3345 Ι

322 3362 516 3445 antiquioris
540 3361 714 3426 latinitatis
738 3363 873 3427 fuerunt.
920 3363 1008 3447 Ergo
1032 3363 1127 3428 nobis
1151 3365 1267 3443 inritas
1288 3361 1436 3428 visuum
1484 3362 1490 3445 ξ

322 3469 498 3533 existitis
526 3473 711 3551 corruptum
740 3492 823 3550 esse,
856 3470 918 3534 hoc
947 3475 1055 3534 antem
1085 3469 1124 3533 ad
1152 3470 1295 3554 aliquem
1321 3466 1436 3532 dadum

321 3575 513 3658 pertinuisse
538 3575 593 3657 qni
616 3575 687 3658 ipso
712 3576 769 3640 illo
793 3579 924 3641 triticeus
951 3575 1149 3661 glossemate
1177 3576 1252 3640 sede
1281 3597 1336 3640 sua
1361 3569 1435 3655 pelle
1488 3635 1493 3663 ἑ

321 3687 418 3746 retur.
464 3681 593 3746 Norunt
617 3682 673 3765 qui
697 3683 835 3766 scriptos
860 3683 962 3747 libros
986 3687 1169 3764 versaruut,
1192 3680 1276 3745 nihil
1297 3703 1351 3745 nos
1370 3677 1435 3742 inso-

321 3789 373 3853 liti
398 3809 539 3869 narrare,
570 3787 596 3850 si
622 3785 796 3851 Catoniani
821 3788 975 3852 carminis
999 3787 1149 3852 librarios
1179 3786 1360 3871 (equorum
1384 3801 1435 3864 ped·

322 3898 403 3960 catis
427 3894 588 3979 pendebat
612 3891 751 3978 Gellius)
780 3894 820 3959 ad
848 3894 1015 3978 vulgatam
1043 3916 1127 3958 nune
1154 3893 1342 3977 scripturam
1368 3888 1433 3950 velut

321 4003 383 4066 hoc
407 4002 553 4084 exemplo
577 4002 762 4084 pervenisse
787 4001 1032 4083 coniecerimus,
1054 4003 1103 4082 ut,
1127 4021 1199 4063 cum
1223 3999 1301 4063 tales
1324 3995 1433 4060 versicu-

322 4110 371 4174 los
396 4114 470 4173 ante
495 4108 605 4173 oculos
630 4109 800 4173 haberent:

589 4247 730 4315 aupaldus
1024 4245 1174 4299 uitiosus

496 4319 646 4403 Cuppes
672 4327 920 4404 sumptuosus
945 4320 1103 4405 elegans
1127 4318 1281 4384 deliciis

497 4427 690 4510 lutentuS‚
