2984 5122
343 343 408 406 434
503 361 539 408 ιιι
563 359 676 407 nanas
701 362 891 408 vrssnnrau
914 362 1099 410 aureuma
1124 363 1316 410 consanum

343 503 510 586 Augustus
534 505 673 588 primum
693 504 880 569 Messallam
895 503 1068 570 Corvinum
1092 505 1169 569 fecit
1192 502 1232 589 (c.
1249 505 1288 569 99
1306 529 1333 590 p.

344 633 438 694 quem
472 611 525 695 qui
558 612 592 675 in
625 635 662 676 eo
696 613 805 677 officio
839 614 1024 696 exceperint
1058 613 1098 678 ad
1132 619 1236 678 semet
1266 614 1313 696 ips
1340 644 1343 665 ι

343 715 517 782 Frontinus
546 740 613 802 cap.
635 722 697 783 102
721 743 751 803 p.
771 721 813 784 39
847 725 996 784 accurate
1028 724 1217 802 persecutus
1248 724 1302 782 est.

270 841 328 880 vm
344 823 484 887 civitatis
516 825 718 907 temporibus
749 825 833 889 idern
867 848 934 910 cap.
958 827 1000 890 96
1028 848 1059 909 p.
1079 827 1132 908 36,
1151 826 1194 889 28
1228 825 1335 890 scribit
1371 863 1415 872 -ψ
1441 869 1475 874 --

342 951 474 1012 operum
499 931 740 1012 probandorum
765 953 876 996 curam
899 933 998 997 fuisse
1021 953 1120 1016 penes
1144 954 1293 997 censores
1320 962 1323 985 τ

343 1041 376 1100 et
397 1037 525 1120 aedileS,
555 1038 716 1102 interdum
741 1040 838 1103 etiam
863 1040 1091 1123 quaestoribus
1115 1063 1187 1104 eam
1212 1040 1341 1123 provin

259 1145 268 1164 ⁶
344 1143 488 1207 venissc'.
535 1144 627 1221 Quod
655 1146 717 1208 etsi
741 1167 814 1209 vere
842 1145 937 1228 dixit,
969 1150 1077 1208 tamen
1107 1144 1218 1209 omnia
1247 1145 1335 1208 mis
1414 1209 1421 1222 ,

342 1251 440 1333 plecti
472 1273 512 1315 ne
540 1252 644 1316 voluit
671 1253 813 1335 quidem:
845 1274 921 1315 nam
949 1257 1076 1336 praeter
1109 1252 1247 1316 solitum
1278 1251 1319 1316 e'
1365 1207 1412 1324 t

344 1358 553 1442 magistratus
587 1359 723 1422 adscisci
757 1351 913 1441 potuisse
936 1359 983 1423 vis
1017 1358 1242 1441 exemplorum
1273 1357 1332 1422 er'

344 1464 484 1528 maxima
508 1465 637 1548 quidem
661 1465 693 1528 in
713 1466 775 1529 hoc
795 1485 910 1549 genere
930 1487 1028 1549 opera
1046 1466 1096 1529 vel
1116 1465 1237 1531 ceteris
1256 1447 1332 1528 mai

342 1572 446 1636 nescit
470 1595 488 1635 a
512 1572 699 1636 censoribus
724 1571 811 1635 facta
835 1595 915 1637 esse.
948 1574 978 1636 A
1002 1573 1117 1656 quibus
1142 1577 1176 1635 et
1194 1571 1304 1656 Appia
1332 1602 1337 1625 ι

344 1700 428 1743 anno
447 1680 513 1742 442
536 1677 660 1764 (Front.
680 1679 701 1742 5
724 1702 755 1762 p.
774 1681 803 1762 3,
822 1677 875 1760 11)
900 1685 933 1742 et
952 1678 1077 1760 Tepula
1096 1701 1123 1743 a.
1139 1679 1204 1742 629
1228 1677 1342 1762 (Fron
1470 1687 1477 1766 l

344 1784 410 1871 21),
434 1791 467 1850 et
490 1807 566 1851 vero
586 1787 723 1850 Anionis
748 1808 874 1869 quoque
899 1786 1015 1849 veteris
1040 1807 1123 1868 aqua
1147 1785 1222 1850 duci
1243 1807 1336 1868 coep
1360 1748 1415 1871 δ
1471 1786 1478 1884 l

345 1894 400 1957 sed
428 1893 539 1958 eadem
567 1898 643 1976 post
670 1893 851 1974 biennium,
884 1893 938 1976 qui
967 1915 1068 1956 annus
1097 1915 1251 1958 censores
1280 1914 1342 1957 nou

345 2005 568 2063 consummata
597 2025 615 2064 a
644 2000 821 2065 duumviris
851 2022 953 2084 aquae
982 2000 1204 2084 perducendae
1230 2023 1271 2064 ex
1295 2023 1341 2062 επ

345 2107 430 2171 salto
455 2109 571 2172 creatis
597 2107 719 2194 (Front.
744 2110 763 2172 6
788 2131 817 2191 p.
837 2110 867 2192 4,
890 2106 952 2192 19).
1003 2106 1087 2171 Item
1116 2130 1199 2172 anno
1226 2109 1302 2189 610,
1337 2136 1342 2159 ·

344 2236 432 2278 sores
456 2237 522 2278 non
545 2214 643 2295 fuere,
667 2213 806 2277 Marciae
822 2213 984 2278 ducendae
1004 2214 1172 2296 negotium
1187 2213 1224 2290 Q.
1240 2213 1296 2278 Ma
1321 2242 1334 2269 a

344 2321 487 2403 praetori
512 2322 635 2385 urbano
660 2319 817 2404 (Frontl
842 2321 922 2404 pb,
944 2319 1007 2404 13).
1055 2319 1144 2404 Ergo
1168 2321 1278 2404 capite
1302 2313 1365 2383 96
1381 2279 1408 2356 Α
1422 2291 1479 2362 ΜΕ

343 2450 413 2509 nus,
437 2432 473 2490 ut
497 2431 529 2492 et
551 2433 717 2512 praetores
741 2431 773 2490 et
796 2428 948 2491 duoviros
973 2428 1058 2508 illos,
1081 2429 1130 2491 ita
1154 2427 1302 2510 profecto
1329 2454 1343 2483 ι

344 2536 441 2598 etiarn
465 2535 612 2600 tribunos
635 2535 723 2617 plebi
746 2535 863 2617 potuit,
887 2535 938 2597 his
963 2535 991 2597 si
1009 2534 1080 2619 lege
1098 2533 1236 2598 Visellia
1260 2555 1320 2598 nec
1346 2564 1350 2585 ι

343 2663 419 2704 cura
452 2664 607 2725 aquarum
637 2642 782 2705 iniuncta
810 2646 879 2705 erat
906 2664 965 2704 nec
994 2641 1034 2706 ad
1061 2663 1147 2706 nova
1174 2640 1226 2705 vel
1257 2645 1341 2706 certe

344 2770 443 2830 opera
472 2752 635 2830 spectans,
669 2749 724 2812 scd
749 2754 805 2812 aut
829 2749 862 2810 in
885 2748 1064 2812 minoribus
1097 2748 1282 2811 subsistens
1311 2771 1341 2811 a*

342 2855 451 2918 tandis
484 2855 534 2918 vel
567 2853 743 2918 reficiendis
777 2857 902 2917 tantum
937 2877 1005 2917 sese
1037 2854 1215 2918 continens.
1271 2853 1321 2929 Qu
1348 2886 1352 2903 ι

343 2963 441 3025 talem
471 2983 579 3024 curam
610 2961 661 3024 vel
691 2960 731 3023 ab
757 2960 923 3023 aedilitate
955 2961 1004 3024 vel
1033 2983 1052 3023 a
1081 2965 1258 3043 quaestura
1287 2959 1346 3024 sei

344 3069 529 3152 quaesieris,
553 3067 742 3150 praesertim
766 3067 801 3129 in
824 3070 916 3130 tanta
939 3089 1018 3150 quae
1043 3071 1111 3130 tum
1136 3074 1351 3150 praesto

343 3181 467 3237 storum
499 3174 719 3239 multitudine:
756 3174 923 3237 fatendum
956 3179 1005 3236 est
1038 3174 1070 3236 id
1105 3175 1197 3240 iuxta
1230 3197 1305 3238 eum
1344 3206 1350 3223 r

342 3282 457 3343 nesciri
484 3283 565 3344 scitu
590 3281 639 3343 vel
663 3303 727 3343 non
751 3279 893 3361 indignis
920 3279 968 3343 vel
993 3280 1203 3362 dignissimis.

432 3709 586 3774 Eiusdem
614 3711 797 3774 tribunatus
831 3710 1056 3774 communione
1089 3732 1161 3774 curn
1193 3705 1354 3793 lapideT

342 3819 547 3882 coniunctam
572 3819 693 3901 legem
718 3819 761 3882 de
781 3817 1253 3913 ThermensibusPisidis
1280 3815 1350 3879 mai
1400 3741 1450 3904 .

342 3950 414 3990 cum
434 3926 558 3990 ltomae
577 3925 609 3986 in
630 3924 725 3987 domo
740 3923 921 4006 Capranica
938 3923 1099 3986 Martinus
1115 3921 1257 3986 Smetius
1317 3968 1318 3973 κ
1337 3954 1341 3977 ι

341 4032 421 4096 haec
446 4033 544 4096 verba
568 4031 718 4113 adposuit
741 4053 822 4114 quae
847 4030 946 4094 habes
970 4031 1004 4095 in
1023 4030 1077 4095 sol.
1092 4029 1169 4094 XVI
1193 4051 1217 4092 r.
1236 4029 1338 4094 Inseri

342 4137 548 4220 antiquarum
573 4137 612 4199 ab
633 4135 722 4199 lusto
745 4135 855 4218 Lipsio
881 4157 907 4198 a.
926 4137 1009 4199 1588
1034 4135 1206 4199 editarum:
1232 4134 1356 4200 ‘altera

343 4245 422 4324 lam,
447 4247 511 4306 aut
534 4243 718 4307 fortassis
744 4244 860 4305 etiam
885 4241 1016 4324 plures
1040 4242 1115 4306 huic
1135 4242 1212 4306 olim
1231 4243 1327 4307 fuisse
1352 4268 1363 4275 ‘¹
1415 4202 1480 4283 ΒΕ·

342 4350 437 4412 facilc
462 4348 613 4430 adparet'
661 4347 780 4412 Contra
805 4349 908 4412 sensit
931 4371 1031 4431 nuper
1055 4346 1193 4412 Carolus
1214 4347 1364 4421 Goettliu

342 4477 379 4518 eo
413 4455 496 4518 libro
530 4477 623 4537 quem
657 4455 840 4520 ‘l'unfzehn
880 4456 1039 4521 rbmische
1071 4453 1264 4520 Urkunden’
1315 4484 1336 4507 ·-
