2984 5122
312 347 378 410 440
474 363 509 409 us
534 361 646 410 nnons
672 361 858 409 nsnnuuu
883 360 1066 407 auronius
1091 358 1288 407 connnnrsn

313 503 432 590 cipium
460 506 529 570 fuit.
574 527 633 588 pro
666 506 753 569 tribu
787 503 857 568 Sex.
882 503 1056 584 [Visellius]
1086 501 1119 566 L.
1143 502 1165 568 f.
1184 501 1284 568 Varro
1310 503 1416 582 [priano

313 615 449 694 sciccill:
481 615 514 679 in
544 614 659 697 quibus
689 613 924 696 perscribendis
948 610 1180 675 Buechelerum
1208 611 1302 675 secuti
1326 634 1416 674 sunus.

313 720 389 785 Non
413 726 462 785 est
485 742 562 786 sane
586 720 644 784 illa
669 721 720 784 lex
749 720 800 783 vel
828 719 1001 784 tribunicia
1028 719 1079 783 vel
1108 718 1176 782 eius
1204 718 1238 781 in
1264 739 1320 801 qua
1339 739 1419 780 versu-

314 850 386 892 mur
419 828 548 892 aetatia:
581 850 692 891 verum
720 827 752 891 in
780 830 873 891 tanta
902 832 1012 891 tamen
1044 825 1169 910 generis
1202 824 1349 904 affinitate
1375 847 1419 908 quo

314 936 445 1000 tandem
469 935 538 999 iure
559 956 621 998 uno
641 933 726 1018 quod
746 935 779 998 in
797 936 949 1016 promptu
968 938 1016 997 est
1036 933 1184 1016 exemplo
1203 932 1300 996 males
1319 930 1353 996 ad
1368 954 1420 994 con·

316 1041 449 1106 tranium
482 1063 578 1124 quam
611 1041 651 1106 ad
684 1041 822 1105 eandem·
850 1040 1009 1104 rationem
1040 1040 1240 1123 probandam
1271 1040 1333 1103 uti?
1372 1038 1422 1102 llur

315 1151 423 1212 autem
447 1148 511 1213 alia
534 1149 688 1212 accedunt
711 1170 776 1212 non
801 1149 957 1212 minorem
977 1147 1041 1210 vim
1064 1145 1276 1229 persuadendi
1294 1145 1423 1210 habentia

187 1319 192 1328 ,
315 1253 459 1318 Primum
483 1255 611 1339 quidem
624 1254 749 1320 Valerii
767 1255 867 1319 Probi
890 1255 999 1339 gravis
1024 1252 1211 1336 auctoritas,
1234 1254 1288 1337 qui
1310 1253 1423 1336 opusculi

315 1363 353 1425 de
378 1363 463 1426 notis
488 1363 628 1445 antiquis
654 1365 673 1443 ξ
694 1363 713 1426 3
737 1386 766 1446 p.
789 1363 847 1425 121
875 1361 921 1426 ed.
946 1359 1092 1424 Momms
1117 1359 1255 1425 ‘litteras
1280 1361 1425 1446 singulares

316 1470 348 1532 in
372 1469 440 1533 iure
465 1469 553 1533 ciuili
577 1469 619 1533 de
648 1469 802 1554 legibus
832 1473 868 1533 et
895 1467 1117 1552 plebiscitis
1146 1466 1281 1551 ponens'
1304 1489 1366 1532 cun
1386 1466 1426 1528 ini·

315 1577 397 1640 tium
421 1574 500 1639 facit
524 1598 543 1638 a
566 1575 692 1639 P·I·R.
720 1579 752 1638 et
781 1574 954 1650 P·Q-1·S
983 1575 1013 1638 h.
1033 1597 1059 1639 e.
1077 1576 1228 1657 populum
1251 1575 1317 1639 iure
1337 1576 1427 1655 reponi!

316 1687 348 1747 ct
365 1683 500 1765 pondus
523 1703 579 1764 quc
607 1683 674 1746 icccc
701 1684 803 1760 sciscit,
835 1683 887 1746 his
918 1687 1025 1746 autem
1054 1681 1112 1746 has
1141 1683 1309 1747 continuat
1334 1681 1390 1745 ll*
1408 1694 1427 1743 el

316 1790 397 1853 Pu
425 1787 490 1873 (vel
514 1789 624 1872 potius
648 1787 828 1852 laras
851 1791 887 1852 ut
908 1787 1074 1872 putamus)
1105 1791 1137 1852 et
1160 1788 1351 1853 nan-P
1374 1788 1429 1851 be.

316 1897 350 1959 c'n
371 1899 440 1975 soro
457 1917 518 1978 pro
541 1897 650 1962 rostris
679 1899 710 1959 et
739 1917 774 1960 cx
800 1902 871 1960 autc
898 1897 977 1960 diem
997 1897 1112 1978 polle,
1145 1897 1291 1980 profecto
1318 1918 1368 1961 nec
1390 1896 1430 1958 in·

316 2007 501 2086 peratorum
525 2007 663 2068 oetatem
684 2005 857 2088 spectavit,
879 2026 938 2068 nec
963 2004 1003 2067 ab
1027 2003 1072 2066 eis
1096 2026 1178 2087 quae
1198 2004 1349 2067 inusitata
1365 2001 1431 2065 fuere

316 2109 480 2192 profectus
510 2115 572 2193 est,
601 2112 655 2175 sed
685 2132 766 2194 <puae
795 2111 924 2174 usitata.
970 2110 1046 2193 Ipsa
1069 2110 1181 2174 deinde
1212 2111 1296 2175 ratio
1319 2111 1359 2173 rei
1379 2131 1430 2172 con

316 2214 401 2279 haud
426 2214 521 2279 dubie
544 2216 606 2281 hoc
631 2216 766 2280 suadeat
789 2220 834 2300 ut,
858 2215 981 2300 siquid
1005 2217 1038 2280 in
1057 2217 1124 2280 iure
1143 2218 1273 2300 publico
1294 2219 1431 2301 pn'vatoc

317 2322 453 2405 populus
473 2322 638 2387 Romanus
664 2326 836 2408 sanxisset,
859 2324 891 2387 id
915 2325 1042 2408 quando
1066 2324 1188 2388 factum
1213 2330 1298 2389 esset
1318 2323 1430 2388 noluisse

317 2451 389 2493 eum
422 2431 522 2493 lat-ere
555 2431 736 2516 credamne,
774 2437 842 2496 tum
874 2455 892 2495 a
920 2432 1028 2516 legum
1066 2430 1277 2496 similitudine
1313 2431 1431 2515 proximo

317 2537 489 2601 intervallo
509 2537 648 2602 discreta
667 2540 771 2602 senati
791 2539 940 2602 consulta
962 2538 1024 2603 loci
1044 2538 1264 2622 temporisque
1283 2538 1431 2604 accessioni

317 2666 493 2728 numquam
518 2643 601 2726 quod
626 2644 765 2708 scia-nius
790 2647 970 2708 caruerunt.
1003 2641 1102 2708 Cuius
1121 2645 1168 2709 rei
1186 2647 1251 2710 tria
1270 2646 1431 2710 documenta

317 2752 422 2832 ipsum
446 2750 609 2814 saeculum
630 2751 802 2833 septimum
823 2773 895 2815 cum
915 2755 1004 2815 sexto
1025 2755 1206 2834 praestant:
1230 2752 1362 2836 primunr
1379 2748 1433 2814 Sl.

317 2858 355 2920 do
376 2857 633 2922 Bacchanalibus
657 2859 749 2942 illud,
773 2859 858 2941 quod
882 2863 932 2922 cst
955 2857 1015 2922 hoc
1038 2859 1131 2922 initio
1158 2859 1231 2940 [Q]
1253 2853 1431 2924 MARCUS·

318 2963 342 3025 ll
355 2999 360 3010 ·
371 2964 396 3028 F
407 3001 412 3010 ·
425 2963 446 3028 S
458 3000 463 3010 ·
475 2961 740 3029 POSTVMIVS·
752 2964 778 3028 L
792 3000 797 3012 ·
809 2964 833 3027 ll
845 3001 850 3012 ·
862 2963 940 3030 Cos
954 3001 960 3012 ·
977 2963 1187 3029 SENATVM
1203 3001 1208 3013 ·
1221 2961 1432 3030 CONSOLl'E·

318 3069 437 3133 llVN'l
453 3105 458 3116 ·
475 3069 672 3135 N·OC'l‘OB
689 3107 695 3118 ·
711 3071 829 3136 APVD
845 3107 851 3118 ·
866 3071 1021 3137 AEDEM
1037 3108 1043 3120 ·
1058 3071 1237 3136 DVELON
1241 3072 1300 3137 AI:
1322 3073 1432 3137 alterun

319 3175 348 3240 S.
371 3174 404 3239 C.
429 3175 466 3239 de
491 3177 682 3242 Tiburtibus
712 3179 751 3242 ab
780 3179 831 3242 his
856 3180 962 3243 verbis
993 3179 1119 3244 ordiens
1143 3175 1431 3245 L-OORNELn's

318 3281 1431 3352 (ln-lvPlc-SEN-CONS-A‘D·111·NON·MA1·SVB·AEDE·

320 3385 555 3456 KASTORVS:
585 3394 717 3457 tertium
741 3393 779 3456 de
804 3392 996 3475 Asclepiade
1020 3391 1242 3478 ClazomeniO,
1274 3394 1430 3478 Polyalulo

317 3493 475 3577 Carystio
499 3495 642 3563 Menisco
667 3499 793 3564 blilesio
817 3500 953 3582 factum,
982 3501 1071 3564 cuius
1095 3499 1322 3584 interpretatio
1344 3519 1430 3584 graecu

318 3603 395 3668 haec
416 3605 557 3668 servavit
579 3608 641 3671 ΕΠΙ
667 3607 835 3672 ΥΠΑΤΩΝ
863 3608 1036 3672 ΚΟΙΝΤΟΥ
1060 3608 1263 3672 ΛΥΤΑΤΙΟΥ
1289 3603 1430 3675 ΚΟΙΝῘΟΥ

317 3712 414 3775 ΥΙΟΥ
431 3712 588 3777 ΚΑΤΛΟΥ
605 3715 662 3778 ΚΑΙ
680 3715 845 3779 ΜΑΡΚΟΥ
861 3717 1015 3779 ΑΙΜιλιου
1035 3734 1162 3778 κοιντου
1177 3736 1248 3778 υιου
1266 3715 1277 3796 ΙΙ
1296 3709 1429 3780 ΜΑΡΚΟΥ

317 3819 471 3883 ΥΙΩΝΟΥ
495 3820 677 3884 ΛΙΠΕΔΟΥ
702 3821 934 3885 (ΤΡΑΤΗΓΟΥ
958 3822 1012 3884 ΔΕ
1038 3821 1139 3886 ΚΑΤΑ
1161 3822 1286 3886 ΠΟΛΙΝ
1312 3824 1362 3886 ΚΑΙ
1385 3816 1428 3882 llll

317 3924 397 3989 ΤΩΝ
428 3926 567 3990 ΞΕΝΩΝ
598 3927 767 3991 ΛΕΥΚΙΟΥ
799 3927 993 4006 ΚΟρνΗΛΙου
1022 3977 1055 3990 .,
1080 3948 1150 3991 υιου
1174 3977 1180 3990 .
1206 3978 1212 3990 .
1240 3926 1250 4010 ΙΙ
1277 3925 1415 3993 (rcellus

244 4047 300 4085 xm
318 4032 459 4096 ΜΗΝΟ(
488 4033 614 4097 ΜΑΙΟΥ
681 4035 816 4098 ΚΟΙντο(
840 4034 1034 4099 ΛΥΤΑΤΙΟ(
1059 4035 1234 4099 ΚΟΙΝΤΟΥ
1257 4035 1344 4101 ΥΙΟ(
1364 4027 1428 4096 llat-

317 4139 392 4202 ΛΟ(
411 4140 576 4204 ΥΠΑΤΟ(
597 4142 813 4205 (ΥΓΚΛΗΤΩΙ
835 4141 1162 4206 (ΥΝΕΒΟΥΛευεατο
1225 4143 1235 4226 ΙΙ
1253 4144 1334 4208 ΠΡΟ
1356 4134 1427 4204 ΗΜΕ·

319 4245 395 4308 ΡΩΝ
422 4247 578 4311 ΕΝΔΕΚΑ
603 4247 820 4312 ΚΑΛΑΝΔΩΝ
843 4248 1004 4313 ΙΟΥΝΙΩΝ
1026 4250 1073 4312 ΕΝ
1096 4248 1279 4312 ΚΟΜΕΤΙΩΙ
1296 4245 1349 4330 (sic
1365 4243 1425 4307 eud

318 4349 396 4412 baec
420 4351 454 4413 in
479 4374 550 4415 acre
574 4353 758 4417 Borbouico
787 4355 909 4437 scripta
937 4356 1034 4426 sunt).
1082 4353 1187 4420 Solius
1211 4375 1294 4420 nunc
1315 4351 1369 4416 diei
1390 4369 1425 4408 no

1013 4431 1018 4438 ι

318 4456 398 4520 tutio
423 4463 586 4541 superstes
611 4465 659 4524 est
682 4460 716 4523 in
740 4461 854 4525 mutilo
878 4483 1038 4525 marmore
1053 4461 1219 4526 Prienensi
1233 4458 1267 4526 O.
1281 4459 1304 4526 l
1317 4457 1350 4522 G.
1363 4450 1425 4520 pop
