2984 5122
422 413 706 462 svernnuuurvu
729 415 750 462 1.
1095 399 1161 467 503
1278 461 1283 471 .

42 560 131 621 esseut
155 557 207 641 qui
233 555 470 640 probabiliores
499 555 623 621 scilicet
654 557 819 642 legionum
848 579 998 624 numeros
1026 559 1162 644 proclivi

41 663 200 726 coniectura
231 661 403 728 restituere
436 661 578 728 animum
609 663 811 730 inducerent:
849 687 913 729 uns
945 663 1030 730 enim
1063 666 1161 730 inter·
1176 695 1211 734 x1

40 769 189 852 punctione
216 769 319 835 nltero
352 793 369 834 e
396 771 468 836 loco
501 770 662 836 translato
694 772 729 836 in
761 769 900 836 alterum
931 771 1020 836 haud
1050 770 1161 855 paullo

38 875 248 942 commodiores
271 899 424 943 numeros
447 877 567 943 dixeris
591 875 744 942 [XXVI
767 877 961 962 prodituros.
993 875 1090 942 Nunc
1108 899 1161 942 au·

38 989 91 1046 tem
112 987 277 1067 postquem
301 984 422 1068 insigni
444 984 560 1050 horum
584 983 766 1049 studiorum
790 984 945 1050 beneflcio
964 984 1061 1049 fidem
1080 983 1159 1069 lepi-

37 1089 99 1154 dum
125 1090 250 1156 firmare
279 1095 348 1156 tom
381 1095 470 1158 certo
499 1113 598 1176 quem
630 1090 770 1174 simplici
803 1094 993 1176 ectyporum
1024 1091 1160 1158 artificio

37 1195 194 1280 didicimus,
217 1221 351 1283 prorsus
375 1199 503 1283 ineptus
527 1199 571 1264 sit
594 1199 650 1284 qui
673 1198 795 1264 talibus
820 1199 957 1284 argutiis
976 1199 1161 1264 delectetur.

35 1302 70 1366 llt
89 1308 174 1370 sexte
192 1305 319 1371 decime
337 1305 515 1371 substitute
533 1305 567 1369 in
587 1305 694 1371 locum
713 1309 823 1372 sextae
842 1309 875 1370 et
893 1305 1065 1371 vicesimae
1084 1305 1159 1389 quid

35 1411 147 1476 tandem
168 1413 343 1497 proficius?

107 1515 285 1586 Dictator
315 1518 439 1604 igitur
470 1519 513 1584 M.
536 1518 729 1584 Minucius
763 1515 797 1584 O.
824 1519 845 1583 f.
879 1519 969 1583 enni
999 1517 1072 1584 533
1104 1517 1161 1583 illo

33 1645 85 1705 qus
103 1625 338 1690 necessitudine
361 1647 434 1692 cum
458 1625 573 1690 ceteris
597 1625 740 1690 eiusdem
761 1625 880 1690 aetatis
898 1623 1051 1690 Minuciis
1069 1625 1159 1690 Rufis

33 1729 229 1811 contineatur,
257 1733 410 1817 quonism
439 1733 491 1797 evi
516 1753 636 1798 nomen
659 1731 806 1798 additum
833 1753 899 1796 non
923 1735 973 1796 est
994 1729 1029 1795 in
1052 1731 1160 1815 lepide

32 1834 175 1924 llomeuo,
207 1860 274 1904 non
306 1841 388 1904 satis
420 1842 629 1923 compertum.
679 1839 791 1904 Potuit
822 1839 878 1903 ille
906 1841 963 1903 eut
990 1837 1058 1902 eius
1086 1837 1159 1903 Gaii

31 1941 104 2008 filius
126 1966 203 2026 esse,
229 1967 324 2031 quem
347 1944 466 2010 Lucius
489 1945 592 2010 Murci
616 1945 756 2012 consulis
779 1948 873 2029 peter
892 1949 1019 2029 petrem
1036 1945 1160 2030 hebuit,

31 2053 77 2112 aut
102 2051 167 2116 eius
196 2053 252 2138 qui
277 2050 360 2118 Gaio
388 2052 447 2118 illo
475 2055 654 2137 prognatus
683 2055 777 2136 peter
800 2049 909 2127 Quinti
938 2051 1080 2118 consulis
1108 2074 1159 2118 ex·

31 2157 111 2240 stitit,
132 2159 162 2224 h.
177 2181 203 2224 e.
224 2159 316 2224 Lucii
339 2163 396 2225 sut
418 2159 520 2225 freter
541 2162 597 2224 eut
616 2179 654 2222 ex
673 2158 773 2223 fratre
792 2180 908 2242 nepos:
931 2158 963 2223 id
982 2157 1066 2242 quod
1084 2157 1160 2225 lice-

30 2261 70 2327 bit
89 2266 269 2330 stemmstis
293 2265 496 2352 genealogici
518 2265 570 2330 his
593 2265 750 2349 exemplis
774 2264 951 2331 declarare:

792 2405 818 2472 G

64 2405 433 2820 „fjx
624 2518 984 2820 x

963 2749 988 2814 O

29 2855 82 2911 dict
97 2863 145 2912 5³3
844 2855 1104 3168 Λ

219 3195 254 3260 M
398 3197 425 3274 Q
617 3197 652 3263 M
817 3197 851 3264 M
1089 3197 1116 3276 Q

166 3318 223 3356 cos.
240 3305 292 3356 5³8
347 3316 403 3355 cos.
418 3305 469 3355 tot
578 3318 633 3357 cos.
649 3307 701 3356 533
774 3301 842 3360 dict.
861 3309 912 3356 533
1039 3317 1093 3359 cos.
1109 3309 1160 3359 55⁷

125 3390 199 3444 mag.
215 3389 259 3442 eq.
275 3377 326 3426 53⁷
545 3389 620 3444 meg.
635 3389 678 3442 eq.
693 3379 744 3428 ῠ37

29 3528 86 3597 Nec
107 3539 214 3600 utrum
240 3535 306 3600 utri
328 3538 485 3620 praestet,
507 3535 575 3600 ullu
598 3556 670 3600 cum
694 3536 889 3602 confidentia
913 3560 949 3602 ex
969 3539 1085 3602 aetatis
1105 3559 1159 3602 un-

28 3639 70 3703 nis
86 3640 168 3706 inter
191 3664 227 3707 se
247 3641 383 3706 conlutis
403 3641 540 3726 efficias,
563 3642 692 3726 quando
708 3643 812 3708 maior
830 3644 975 3709 minorve
994 3647 1071 3706 natu
1091 3664 1161 3706 esse

28 3743 117 3813 freter
142 3748 246 3814 fratrc
273 3749 389 3833 potuit.
440 3747 516 3813 Non
546 3749 651 3833 magis
679 3749 717 3814 de
744 3755 835 3834 putre
864 3750 932 3814 eius
962 3748 1005 3814 M.
1029 3747 1160 3812 Minucii

29 3850 92 3918 ltuli
113 3859 255 3941 constat,
269 3835 375 3940 'quem
398 3859 431 3921 et
448 3859 631 3941 praetorem
650 3877 678 3919 e.
694 3855 756 3920 557
778 3855 876 3920 fuisse
900 3859 933 3920 et
953 3854 1161 3940 postmodum

30 3958 100 4026 clius
122 3985 174 4040 res
193 3963 333 4047 gessisse
348 3961 460 4028 Livius
479 3966 594 4028 auctor
611 3965 661 4026 est
679 3962 699 4026 l.
713 3960 850 4046 XXXII,
863 3963 915 4044 27,
938 3961 1024 4027 alibi
1059 3960 1161 4038 Quem
1232 4017 1240 4026 .

30 4071 73 4130 sut
105 4069 271 4134 commode
308 4073 365 4134 sut
395 4067 496 4134 Murci
530 4069 668 4134 consulis
700 4069 803 4132 filium
835 4071 892 4132 out
929 4067 1038 4152 (modo
1070 4067 1161 4151 prius

30 4177 154 4240 stemma
177 4175 327 4262 sequere)
346 4174 459 4253 Quinti
482 4175 617 4240 fratrem
636 4175 733 4258 dices,
755 4173 820 4238 nisi
843 4174 945 4258 ipsius
968 4195 1039 4238 csse
1063 4173 1161 4238 dicta·

31 4281 100 4346 loris
121 4283 207 4348 lilius
231 4282 345 4369 possit.

108 4387 312 4456 Dictaturam
327 4389 412 4476 quod
430 4412 528 4475 supro
541 4389 727 4456 dicebamus
746 4409 820 4454 rsro
843 4409 912 4472 pro
936 4387 1007 4452 illa
1030 4389 1161 4452 uetsto

32 4497 167 4580 exemplo
194 4498 265 4564 viro
293 4519 358 4563 non
386 4499 548 4564 consulari
577 4497 754 4580 conlatum,
791 4495 995 4560 mirabuntur
1021 4495 1161 4560 fortusse
