3008 5118
404 393 619 443 eaouonnrrs
643 393 781 442 rosnrs.
1103 375 1167 440 317

50 536 146 600 tribuit
166 535 194 598 b.
212 557 237 600 e.
256 539 293 600 nt
314 536 369 600 ille
393 537 507 602 isdem
530 537 668 603 10011000
690 537 802 622 potius
825 537 889 602 dici
907 536 1047 602 iusserit.
1084 535 1169 600 Nam

49 665 107 707 cum
131 645 374 708 consentaneum
408 643 452 708 eit
479 643 624 729 profecto
655 643 687 708 id
718 641 890 708 Caesarem
918 642 1170 724 commendasse,

48 749 115 832 qnod
137 771 154 812 a
176 771 250 814 suae
274 751 392 816 aetatis
415 751 646 817 consuetudine
674 773 740 818 non
767 751 865 816 nimis
889 750 1030 816 alienum
1059 751 1168 834 aliqua

47 877 104 938 spes
125 861 205 920 esset
226 857 389 922 communi
418 879 478 923 usn
502 863 667 941 receptum
695 859 750 942 iri,
780 859 834 943 qui
859 857 915 922 ille
939 857 1024 922 credi
1048 857 1169 942 poterit

46 983 107 1044 prae
128 983 172 1044 eo,
194 962 280 1047 qnod
303 985 377 1028 cum
395 963 607 1048 propinquius
627 967 713 1028 esset
732 962 826 1028 facile
845 965 1029 1048 perpetuari
1048 968 1168 1048 posset,

46 1067 69 1130 id
88 1067 218 1132 suasisse
242 1068 328 1153 qnod
352 1070 583 1154 propemodum
603 1070 749 1154 elapsum
769 1091 806 1134 ex
825 1069 992 1135 hominum
1012 1070 1169 1136 memoria

44 1173 165 1260 elonga
196 1175 369 1242 remotiore
400 1180 548 1262 tempore
581 1175 792 1262 repetendum
830 1175 937 1240 esset?
982 1175 1032 1241 Ee
1061 1179 1168 1242 autem

44 1281 108 1346 ratio
136 1286 183 1347 est
210 1305 293 1368 qnae
321 1283 407 1347 inter
436 1283 595 1368 pluralem
627 1284 886 1368 singularemque
918 1281 1038 1346 isdem
1070 1282 1168 1346 inter-

43 1386 118 1452 cedit
157 1388 251 1454 Hnnc
278 1388 365 1454 euim
394 1410 476 1473 quae
504 1392 580 1472 post
603 1387 786 1454 Plautinem
810 1389 1058 1474 Ennianamque
1081 1393 1168 1454 aeta·

42 1497 93 1556 tem
113 1495 174 1558 tria
195 1495 267 1560 sola
291 1499 501 1561 monumenta
524 1499 667 1578 servant,
694 1518 806 1562 eornm
835 1519 906 1562 oum
934 1519 1034 1562 unum
1058 1495 1101 1560 sit
1123 1495 1169 1560 in·

41 1601 105 1664 certi
126 1603 297 1688 temporis,
320 1623 337 1666 e
361 1601 485 1667 duobos
509 1602 641 1687 reliquis
666 1603 805 1668 alterum
828 1623 913 1669 anno
937 1603 979 1667 ab
1000 1623 1030 1666 u.
1053 1623 1079 1666 o.
1103 1603 1169 1666 610

41 1705 142 1771 lactum
170 1713 220 1774 est
244 1731 309 1794 quo
333 1709 538 1775 consulatum
561 1707 627 1774 Ser.
651 1707 829 1791 6010101116
853 1707 953 1772 61111·
968 1707 1167 1774 F-GALBA

41 1813 172 1900 gessit*);
201 1815 343 1881 alterurn
367 1815 407 1880 ad
432 1837 550 1881 annum
575 1815 640 1880 649
663 1815 877 1880 referendum:
907 1815 1067 1880 recentius
1090 1819 1168 1880 tem·

40 1921 648 2006 0000οο6100101οτ,0011010000106
693 1918 817 1987 Contra
844 1922 877 1986 in
900 1943 916 1988 s
938 1922 1081 1986 litteram
1105 1924 1168 1986 ter-

40 2029 161 2094 minatus
193 2029 415 2095 nominativus
443 2028 579 2114 pluralis
608 2051 705 2114 quam
733 2031 766 2093 et
793 2029 858 2094 late
885 2029 1027 2114 patuerit
1054 2031 1087 2092 et
1115 2027 1168 2091 diu

40 2133 195 2220 duruerit,
229 2136 314 2201 satis
346 2157 456 2201 eornm
485 2134 660 2200 multitudo
689 2135 908 2218 exemplorum
936 2135 1055 2219 probat
1087 2155 1168 2218 quae

40 2263 97 2306 cnm
122 2243 154 2307 in
184 2242 331 2308 bionum
354 2243 456 2326 epigr.
478 2251 518 2307 tr.
541 2263 571 2325 p.
592 2241 632 2306 18
659 2243 772 2327 [supra
799 2263 828 2326 p.
851 2239 927 2320 135]
947 2263 1015 2326 sqq.
1043 2245 1112 2306 tum
1135 2243 1169 2306 in

40 2345 134 2414 blaseo
156 2347 273 2433 philol.
300 2352 324 2413 t
347 2347 394 2412 IX
422 2369 453 2432 p.
475 2347 537 2412 156
569 2349 626 2428 [=
646 2345 762 2432 Opuse.
786 2347 819 2410 Π
842 2369 873 2430 p.
893 2347 972 2428 646]
991 2370 1058 2433 sqq.
1083 2370 1169 2413 com·

39 2455 196 2533 posuimus.
242 2453 291 2519 Et
313 2453 420 2538 priore
447 2453 576 2538 quidem
604 2454 676 2520 loeo
705 2476 777 2518 oum
805 2475 890 2520 0000
915 2455 980 2520 656
1007 2455 1169 2520 recentius

38 2561 202 2646 exemplum
220 2582 289 2627 000
307 2561 521 2644 novissemus,
545 2561 712 2645 eliquanto
726 2559 855 2645 longine
875 2582 945 2626 esse
964 2559 1170 2646 progredien-

39 2664 100 2730 dum
121 2671 234 2752 postea
258 2665 487 2730 intelleximus.
519 2665 615 2730 Haud
639 2667 748 2750 paullo
767 2667 978 2732 recentiorem
994 2663 1170 2750 Campanis

38 2773 126 2840 titulis
151 2773 233 2856 illis,
266 2771 440 2856 inquibus
464 2769 592 2838 Hisce
616 2771 668 2837 vel
691 2771 849 2838 Hersen
873 2771 1170 2860 obtereremus)

38 2877 261 2964 frequentatum
281 2882 332 2944 est
350 2879 436 2944 eirca
454 2877 595 2944 medium
614 2880 777 2944 saeculum
792 2879 976 2964 septimum,
990 2876 1169 2945 Corfinien-

47 3043 71 3048 -,
94 3045 234 3051 Ψ,
1083 3037 1101 3070 ,

113 3163 137 3232 ’1
156 3163 209 3235 [De
228 3161 286 3217 boo
304 3159 389 3216 titulo
399 3159 595 3216 Tarracinensi
613 3177 697 3231 snpra
712 3161 792 3216 'edito
807 3159 978 3216 Ritscbelius
996 3161 1067 3216 baec
1085 3161 1170 3231 serip-

39 3251 67 3304 rit
82 3251 172 3310 Enarr.
195 3271 223 3323 p.
238 3255 288 3306 610
309 3249 353 3304 ‘G.
372 3249 567 3306 Melchiorrins
585 3251 614 3306 10
638 3250 826 3306 ‹Bullettino›
846 3249 924 3304 Rom.
952 3267 976 3305 a
998 3255 1066 3306 1848
1090 3269 1116 3321 p.
1137 3255 1170 3304 98

39 3355 90 3394 com
115 3341 148 3397 de
174 3340 346 3412 imperatore
375 3339 466 3394 Galba
493 3339 645 3409 cogitasset
672 3339 787 3408 eiusque
814 3338 969 3394 sentcntiae
997 3338 1170 3395 defensorem

39 3427 115 3496 ipsum
129 3427 313 3501 Borgbesium
331 3429 431 3482 nactus
450 3429 523 3482 esset
541 3426 570 3483 10
584 3427 686 3482 60001.
701 3427 763 3483 inst.
778 3429 809 3484 R.
829 3433 935 3482 01818
954 3446 981 3498 p.
997 3435 1057 3496 868,
1075 3431 1171 3484 tamur

40 3519 155 3583 quonism
178 3517 357 3574 litteraturae
380 3515 487 3586 species
511 3516 545 3570 de
570 3517 690 3588 septimo
713 3517 824 3572 saeculo
847 3517 961 3587 eiusque
984 3517 1076 3586 priore
1100 3517 1171 3572 adeo

40 3609 105 3672 parte
121 3625 176 3664 uon
194 3611 239 3664 est
257 3606 318 3662 ullo
336 3606 420 3661 modo
439 3605 563 3662 dubitari
581 3623 672 3677 00000,
691 3606 727 3661 06
746 3606 803 3662 Ser.
819 3604 976 3676 Sulpicium
995 3605 1052 3660 Ser.
1072 3603 1171 3659 1.(101-

40 3691 93 3748 bam
110 3697 251 3752 consulem
263 3685 344 3750 10000
363 3701 416 3750 610
440 3693 555 3749 titulum
574 3694 727 3750 referebam
750 3694 779 3749 in
803 3694 947 3765 prooemio
965 3693 1082 3748 hiberno
1100 3693 1171 3748 Bon·

40 3785 105 3838 00001
122 3783 349 3854 01000081,
373 3782 420 3837 ubi
439 3783 473 3838 de
493 3783 628 3838 elenen
651 3782 811 3838 0100006000
837 3781 1008 3838 nominativo
1028 3781 1171 3850 singulari,

40 3871 95 3926 satis
112 3891 143 3930 00
161 3875 198 3930 ab
216 3874 417 3943 imperatorum
437 3874 530 3928 aetate
549 3872 650 3938 alieno,
668 3873 727 3927 dixi
745 3871 919 3942 explicatius.
949 3871 1123 3938 Quamquam
1142 3868 1170 3924 10

40 3957 103 4016 illius
119 3963 211 4018 locum
230 3961 322 4032 siqui
341 3961 482 4016 consulem
501 3961 696 4032 cognominem
714 3959 847 4017 auriolo
867 3958 1034 4016 substituere
1057 3957 1171 4024 malent,

40 4063 86 4102 nou
110 4049 199 4108 habeo
227 4067 294 4106 sane
318 4065 390 4105 0000
415 4049 489 4118 0006
512 4067 661 4122 opponam.
698 4049 772 4104 Nam
799 4046 871 4102 11106
898 4065 953 4102 000
981 4063 1072 4102 moror
1097 4047 1171 4116 qnod

41 4133 147 4195 Plinium
166 4139 285 4196 eredunt
303 4139 394 4210 operis
413 4139 515 4194 musivi
538 4157 618 4194 usum
642 4157 659 4194 0
676 4137 849 4210 temporibus
869 4135 948 4192 80110
966 4136 1105 4208 prioribus
1123 4136 1171 4192 ab·

41 4222 162 4285 iudicare:
186 4228 264 4283 cuius
282 4228 370 4284 verba
388 4227 422 4282 N.
442 4228 475 4282 Η.
495 4227 610 4283 XXXVI
630 4233 645 4294 6
664 4234 698 4282 64
717 4231 780 4295 (188
801 4225 873 4294 Sill.)
893 4223 1074 4280 «lithostrata
1091 4242 1171 4296 eoep-

42 4313 198 4371 1000001010
217 4317 269 4372 snb
289 4317 384 4374 Sulla»
408 4333 463 4372 000
485 4318 655 4388 interpretor
678 4316 712 4371 de
730 4313 899 4387 pavimentis
922 4313 1095 4384 quibuslibet
1122 4316 1171 4370 006
1240 4351 1243 4360 .

43 4399 71 4453 de
87 4403 229 4472 picturatis
247 4405 265 4460 i.
280 4424 304 4462 e.
323 4405 426 4476 figam
445 4405 727 4476 repraesentantibus,
746 4421 761 4459 e
781 4420 836 4472 000
854 4417 956 4474 genere
975 4419 1030 4458 non
1049 4405 1091 4458 est
1105 4404 1170 4456 Tar·

44 4489 189 4548 nonense?
228 4493 257 4549 C.
271 4495 331 4565 W.]
