2972 5120
395 383 676 442 suspendemus
698 393 747 439 111.
1080 373 1146 438 533

32 541 127 604 Levius
154 537 312 623 estquod
345 537 379 602 in
410 541 524 622 patera
555 537 677 620 pictam
709 535 881 599 bestiolam
914 555 971 618 per
1004 555 1145 599 errorem

31 646 204 730 scorpionem
227 642 306 726 diri,
328 665 424 728 quem
447 643 567 708 rectius
590 641 796 707 Detlefsenns
821 663 982 708 cancrum.
1028 639 1145 716 Quam-

31 775 107 838 quam
128 751 220 817 etiam
243 751 347 836 magis
371 773 388 814 e
410 771 486 815 vero
505 749 552 814 sic
575 749 666 814 illam
686 748 825 832 definiri,
849 748 938 813 utin
957 745 1145 813 ‘crustaceis

29 857 172 942 decapodis
199 855 403 942 bracbyuris'
435 854 595 920 habeatur
625 851 725 940 (quod
757 874 859 938 genus
887 854 1059 919 vernaculo
1088 875 1144 919 no·

29 967 97 1030 nine
115 965 233 1030 Krabbe
255 961 508 1049 appellitamus),
536 962 743 1028 doctissimus
767 985 818 1028 me
840 962 967 1048 collega
989 963 1144 1048 zoologus

29 1073 140 1138 comiter
161 1071 296 1136 edocuit

487 1233 536 1240 ...——
612 1233 678 1238 -..-.

97 1393 260 1468 Postremo
288 1391 432 1456 eiusdem
460 1391 640 1456 fasciculi
665 1388 706 1455 ΙΙ
729 1411 760 1473 p.
779 1387 842 1454 XII
864 1389 958 1471 [519]
981 1389 1146 1474 prolatum

27 1499 262 1583 supplementum
286 1498 419 1564 mutilae
448 1498 627 1562 lamellae
651 1495 912 1562 Bononiensis
936 1496 1056 1560 mirum
1081 1517 1145 1560 non

27 1609 137 1669 estnon
155 1605 274 1670 nemini
294 1607 345 1670 sat
364 1603 457 1690 gravi
476 1625 549 1668 cnm
567 1603 734 1668 mirationi
758 1606 826 1666 tum
846 1603 1017 1668 offensioni
1031 1601 1145 1688 luisse.

26 1711 84 1775 Non
100 1712 203 1796 cogito
226 1733 311 1778 nuuc
336 1711 374 1777 de
393 1709 587 1776 Mommseni
605 1708 875 1792 dubitationibus,
898 1709 1016 1793 quibus
1040 1731 1145 1773 meam

25 1817 226 1902 coniecturam,
236 1817 438 1903 propositam
448 1815 622 1882 MuseiRh.
631 1813 1146 1900 t.xvl1p.607[inrran.xx111]‚

24 1923 247 2009 impugnaverat
271 1923 352 1990 Add.
376 1947 407 2008 p.
426 1921 537 2009 aelf)
575 1921 640 1988 Vbi
660 1922 775 2006 quibus
795 1926 909 1988 contra
929 1945 979 1986 me
999 1944 1076 1987 usus
1095 1927 1145 1987 est

25 2029 126 2096 luobus
152 2031 366 2118 argumentis,
399 2029 444 2094 eis
474 2029 582 2094 fateor
609 2051 660 2093 me
686 2050 800 2112 parom
824 2029 955 2094 moveri.
1000 2029 1144 2094 Primum

25 2136 92 2201 enim
121 2138 204 2224 qnod
236 2137 392 2221 exemplis
425 2134 558 2202 destitui
590 2135 691 2199 talem
722 2135 887 2220 participii
918 2135 1145 2201 formationem

24 2241 147 2331 (facilus)
170 2245 261 2323 dicit,
284 2245 317 2310 id
341 2265 402 2329 ego
426 2242 555 2328 quidem
573 2263 639 2306 non
657 2241 840 2307 mehercule
863 2242 930 2307 ullo
949 2243 1044 2308 modo
1063 2243 1145 2308 cela·

25 2371 126 2434 veum,
164 2352 219 2416 sed
252 2351 387 2416 eandem
420 2372 485 2415 non
518 2349 651 2414 destitui
688 2348 842 2435 analogia
873 2353 941 2414 tam
974 2351 1146 2436 diligenter

24 2457 201 2522 ostenderam
226 2463 359 2542 tamque
382 2457 582 2541 propiuquae
598 2453 774 2542 Saeturnus
792 2455 916 2520 formae
935 2457 1145 2523 similitudine

24 2561 212 2642 probaveram
237 2568 287 2644 ut,
318 2585 374 2627 cur
397 2561 453 2626 ‘ne
477 2562 622 2646 potuisse
645 2561 773 2645 quidem
801 2561 849 2625 ita
872 2562 986 2626 scribi’
1009 2563 1144 2629 Momm·
1160 2595 1216 2635 χιιι

24 2687 101 2732 senus
122 2669 295 2735 contendat
322 2667 387 2754 (vel
411 2671 447 2732 ut
469 2667 572 2755 ipsius
595 2666 696 2732 rerba
719 2689 856 2750 serrem,
886 2665 961 2732 ‘sibi
985 2669 1146 2735 constare'

25 2771 112 2858 dicat),
133 2777 265 2841 minime
285 2775 491 2860 perspiciam:
515 2773 706 2860 praesertim
726 2775 887 2858 cumipse
906 2775 1060 2840 concedat
1079 2773 1144 2840 cius

25 2883 274 2948 accusaturum
297 2903 381 2964 esse,
408 2883 497 2947 cuius
520 2885 687 2966 praeterea
709 2881 906 2966 paucissima
929 2881 969 2945 ad
992 2903 1051 2948 nos
1073 2905 1144 2968 per·

25 2987 146 3052 veneunt
175 2992 389 3057 monumenta
415 3011 521 3073 sacra,
553 3011 654 3074 eaque
686 2991 848 3054 vetustate
875 2989 959 3053 alius
987 2989 1034 3054 rei
1060 2989 1145 3055 inso-

94 3165 117 3231 *)
135 3165 233 3234 lpius-
243 3164 468 3235 interpretationi
493 3164 569 3233 quod
593 3179 645 3232 ego
669 3178 868 3232 opposueram,
896 3179 995 3233 parum
1017 3163 1145 3236 intellegi

23 3249 49 3302 ed
61 3270 132 3320 quem
145 3253 196 3309 illa
210 3256 372 3326 spectarent
384 3272 401 3308 a
411 3253 582 3308 Mommseno
597 3253 792 3308 commendata
803 3251 859 3308 ‘die
872 3253 1002 3320 nifastad
1014 3253 1145 3322 foettud',

23 3333 45 3388 id
60 3355 132 3410 aegre
149 3361 282 3412 assequor
300 3342 439 3412 quomodo
462 3341 502 3398 eis
526 3341 663 3411 exemplis
686 3339 810 3396 diluatur
835 3357 907 3410 quae
927 3341 1146 3410 ‘quodammodo

23 3439 87 3490 1³0⁸oe
104 3431 268 3500 comparari'
288 3429 445 3486 contendit:
472 3430 595 3498 ‘flumem
618 3446 692 3482 cume
709 3429 887 3483 sarmentum’
913 3432 942 3486 et
966 3431 1049 3487 ‘tnnc
1066 3451 1146 3488 arom

24 3517 100 3582 ιειιιίι
120 3519 241 3576 dealbm’
290 3519 405 3576 Scilicet
426 3518 523 3574 addito
546 3519 645 3587 (lamen
667 3520 697 3572 et
719 3519 781 3588 pais
803 3517 941 3588 idipsum
965 3520 996 3575 in
1013 3525 1145 3592 promptu

24 3605 137 3673 estquod
159 3608 219 3664 illic
242 3609 444 3665 desiderabam.
469 3639 502 3648 -
526 3607 655 3662 Ceterum
679 3607 782 3677 quibus
805 3607 835 3662 in
858 3609 910 3662 bac
933 3625 1032 3664 canem
1053 3609 1145 3664 verbis

24 3688 188 3754 llonmsenns
206 3699 308 3754 utitur:
334 3697 394 3752 ‘aad
413 3699 447 3751 ut
465 3713 498 3752 eu
516 3713 588 3765 qnae
606 3697 739 3767 proposui
762 3697 830 3752 satis
852 3698 974 3752 habeam
993 3698 1034 3752 ita
1051 3697 1145 3752 deleu-

24 3777 90 3850 dissc,
106 3788 136 3840 nt
152 3805 211 3843 esee
230 3785 387 3858 potuerint,
414 3803 469 3840 nou
493 3785 525 3839 ut
547 3783 588 3838 ra
611 3782 724 3839 omnino
746 3802 837 3856 neque
856 3787 938 3841 aliter
957 3785 1084 3854 lueriut',
1111 3804 1145 3842 ea

24 3869 92 3924 rerba
108 3891 216 3943 possum
234 3891 346 3945 prorsus
365 3891 428 3928 mea
445 3873 550 3928 iacere:
574 3889 625 3928 nec
648 3873 722 3928 enim
745 3875 823 3930 nullo
846 3877 929 3944 pacto
952 3891 1034 3945 posse
1053 3873 1145 3929 locum

25 3952 108 4014 hebere
121 3961 283 4020 Mommseni
301 3962 439 4018 rationem
457 3961 717 4032 pronuntiatarum,
737 3963 786 4018 sed
799 3963 925 4020 diffidere
939 3981 984 4019 me
1002 3961 1045 4017 illi
1060 3965 1144 4020 certis

26 4047 223 4106 mussitatis
247 4051 484 4122 significaveram,
512 4067 563 4106 nee
587 4069 651 4108 mea
673 4053 833 4108 coniectura
855 4052 995 4124 professus
1019 4070 1080 4107 snm
1103 4054 1146 4108 ita

27 4145 59 4184 nc
75 4139 215 4207 confidere,
234 4143 267 4196 nt
284 4140 441 4196 necessario
459 4139 501 4195 ita
517 4157 576 4196 rem
595 4141 679 4196 fuisse
693 4159 783 4211 neque
798 4141 855 4198 ullo
870 4141 953 4196 modo
967 4158 1047 4212 porse
1061 4141 1145 4198 aliter

27 4221 154 4282 rehabere
172 4229 376 4285 contenderem.
405 4227 561 4284 Prudenter
578 4230 674 4284 autem
692 4229 847 4284 dubitando
866 4231 896 4285 et
913 4229 973 4286 sine
992 4231 1146 4288 acrimonia

27 4305 179 4380 obloquendo
197 4319 227 4373 et
244 4317 370 4374 modeste
389 4316 573 4373 coniectando
591 4317 668 4387 plus,
691 4317 744 4372 nini
761 4317 854 4386 fallor,
872 4317 902 4372 in
920 4319 964 4376 his
982 4319 1085 4376 litteris
1103 4324 1146 4390 (ut

27 4391 189 4473 inormibus)
208 4425 292 4476 quam
311 4409 417 4463 temere
436 4405 574 4462 credendo
593 4407 623 4461 et
635 4406 821 4478 obsequenter
835 4407 1012 4466 assentiendo
1032 4412 1061 4466 et
1074 4409 1145 4466 nibil

27 4485 134 4545 audendo
150 4495 298 4564 proficitur.
