3008 5118
329 371 532 418 usnrnoavu
556 371 822 430 rnrrovrssrurs
1084 355 1147 418 277

43 515 102 576 ticos
123 513 190 578 illos
213 513 323 596 luisse,
350 516 388 577 ut
415 513 448 578 iu
472 515 585 598 quinto
615 513 732 579 senarii
761 513 840 598 pede
863 517 1029 598 praestare
1053 535 1147 598 spon·

41 619 111 682 deam
133 621 268 700 nossent,
290 617 379 682 nullo
403 617 519 684 idoneo
543 623 733 704 argumento
753 619 954 702 persuadeas.
987 619 1091 696 Quam
1115 621 1150 685 in

40 729 136 808 partem
160 727 193 788 ut
215 723 379 808 inclinem,
401 723 481 789 illud
505 725 711 808 potissimum
735 747 785 790 mc
808 729 917 791 movet
941 724 1026 810 quod
1050 725 1148 791 etiam

39 830 139 894 tiranii
157 851 261 894 versus
281 828 320 893 ad
339 829 456 914 longae
475 851 643 894 mensurae
658 831 874 895 constantiam
893 833 1148 918 transpositione

38 937 138 1000 denum
161 936 327 1000 verborum
350 939 533 1001 revocatur:
562 935 635 1000 ‘Hic
658 919 770 1000 ndster
791 937 960 1003 delabdrat
988 961 1060 1004 cunr
1083 943 1148 1004 sta·

37 1044 79 1108 lim
102 1042 193 1128 pucr’,
224 1064 320 1128 quam
350 1067 370 1108 a
397 1041 517 1108 Bothio
545 1043 803 1108 commendatam
835 1045 987 1128 probavit
1013 1044 1148 1110 Neulrir·

37 1151 106 1214 clins
126 1149 161 1214 de
183 1149 245 1216 fab.
265 1155 332 1235 tog.
351 1173 381 1235 p.
399 1150 470 1216 180.
502 1149 547 1214 Et
570 1149 609 1214 de
632 1151 794 1216 sententia
808 1150 946 1240 ,quidem
970 1153 1030 1216 etsi
1049 1153 1148 1219 dubia

36 1278 93 1320 saue
112 1278 158 1321 res
181 1261 239 1340 est,
261 1261 371 1322 tamen
395 1258 534 1342 ingenue
557 1255 664 1322 fateor
683 1279 733 1320 me
752 1279 793 1324 ne
811 1257 1000 1342 intellegere
1018 1258 1148 1342 quidem

35 1363 94 1426 satis
114 1361 159 1426 rel
181 1364 441 1446 perseverantiae
464 1364 629 1429 notionem
653 1363 703 1428 vel
721 1385 839 1429 nexum
859 1365 1093 1450 cogitationum
1113 1365 1147 1429 in

34 1469 90 1550 illis,
110 1469 215 1553 quales
234 1469 433 1534 Neulrirchic
455 1469 653 1555 placuerunt,
676 1469 837 1534 versibus:
859 1491 939 1554 quos
959 1493 1031 1536 meo
1051 1491 1147 1536 sensu

34 1577 113 1640 uulto
134 1575 329 1641 commodius
353 1575 400 1640 sic
424 1574 636 1661 expediveris:

163 1735 365 1820 Quamquam
389 1757 454 1800 non
478 1736 550 1800 istis
575 1737 741 1800 exercetur
763 1733 797 1800 in
821 1733 902 1798 locis

162 1841 222 1907 Hic
245 1845 366 1926 noster,
388 1841 557 1906 delabdrat
581 1863 653 1907 cum
677 1841 795 1924 puers
819 1839 941 1904 statim.

32 1999 78 2064 l'bi
103 1999 288 2066 ‘delaborat'
316 2001 437 2065 dictum
470 2003 519 2064 est
551 2003 718 2082 tamquam
747 1997 954 2083 ‘delectatum
986 1998 1145 2065 desudat’:

32 2105 94 2170 ‘istis
119 2108 149 2171 in
176 2107 268 2173 locis'
303 2111 410 2172 autem
443 2109 480 2170 ut
512 2103 557 2169 ‘in
591 2105 725 2170 occultis
755 2103 847 2169 locis'
879 2105 964 2189 apud
995 2105 1146 2170 Plautum

31 2209 101 2278 l'urc.
120 2213 173 2292 lV,
191 2215 221 2298 2,
240 2215 295 2297 21,
318 2213 363 2278 ‘in
388 2211 562 2278 latebrosis
585 2211 679 2276 locis’
707 2211 823 2277 Bacch.
842 2213 917 2296 430,
940 2211 996 2277 ubi
1018 2211 1146 2297 quidem

31 2315 89 2382 haec
117 2321 310 2403 praecedunt
341 2317 506 2384 ‘Salieudo
544 2339 614 2383 sese
647 2319 879 2385 exercebant
911 2319 1017 2404 magis
1050 2341 1147 2404 quam

30 2429 113 2490 scorto
135 2431 189 2492 aut
211 2425 335 2493 seniis?

97 2533 251 2600 Effectum
275 2538 326 2599 est
348 2533 464 2618 igitur,
493 2531 557 2597 nisi
579 2531 678 2597 fallor
701 2533 816 2616 animi,
846 2536 882 2598 ut
904 2531 1027 2616 pariter
1050 2537 1146 2618 atque

31 2643 146 2706 stilum
174 2647 206 2707 et
234 2646 395 2723 statum,
427 2639 526 2704 etiam
555 2639 688 2703 statim
718 2643 751 2704 et
774 2639 908 2703 statim
937 2641 1146 2723 pronuntiata

30 2744 78 2808 sint
95 2749 271 2814 necessario
296 2747 544 2832 significationis
568 2745 752 2810 discrimine
774 2745 876 2810 nullo:
898 2743 963 2809 nisi
982 2745 1066 2831 quod
1086 2768 1145 2810 usu

31 2873 89 2917 sane
112 2857 194 2921 venit
221 2861 272 2938 nt,
300 2854 356 2920 ubi
385 2853 491 2932 εὐθύς,
520 2852 633 2917 αὐτίκα
659 2850 827 2917 dicendum
856 2855 954 2934 esset,
981 2873 1045 2916 uou
1072 2872 1144 2935 pro-

30 2955 177 3026 duceretur.
222 2961 375 3028 Oeterum
403 2982 461 3026 uec
489 2964 704 3044 praestitus
734 2959 872 3024 formam
902 2961 935 3022 et
962 2957 1145 3023 consimiles

31 3083 185 3148 conparare
218 3091 293 3134 cum
325 3053 548 3152 praestatus
581 3065 683 3149 volui,
719 3086 914 3149 quamquam
952 3063 985 3128 id
1017 3064 1145 3150 quidem

31 3167 92 3236 alias
112 3173 150 3238 ob
172 3197 305 3240 caussas
330 3195 426 3260 quam
450 3173 534 3259 qnod
560 3173 633 3238 illas
655 3175 712 3236 aut
735 3171 808 3235 duci
831 3193 851 3234 a
874 3170 1015 3236 sistere
1041 3171 1145 3256 stirpe

31 3278 131 3342 autad
159 3303 228 3346 eam
257 3279 494 3346 accommodari
527 3279 672 3365 potuisse
702 3275 896 3362 quibusdam
924 3279 1144 3364 grammaticis

31 3383 145 3450 credam:
183 3410 241 3454 nec
275 3387 354 3452 talia
387 3407 642 3452 commemorare
673 3384 783 3471 qualia
820 3389 896 3448 sunt
933 3383 1144 3468 explicitus

31 3484 231 3578 inplicitus,
264 3513 347 3578 quae
374 3493 498 3578 origine
527 3514 587 3557 sua
613 3513 680 3558 non
708 3493 784 3556 sunt
812 3491 991 3556 necessario
1021 3490 1145 3575 primae

32 3591 224 3666 declinationis
249 3603 285 3665 ut
308 3623 328 3666 a
350 3597 468 3684 plica·
496 3599 592 3682 flexa,
624 3597 680 3664 sed
702 3600 869 3680 tamquam
893 3619 913 3662 a
935 3595 1044 3680 plic-,
1072 3617 1143 3660 cum

33 3699 149 3787 Siugulas
171 3708 287 3792 stirpes
311 3706 449 3792 pristina
472 3709 562 3770 aetas
590 3725 656 3769 non
680 3703 741 3787 cis,
767 3725 846 3788 quas
875 3707 1008 3786 postera
1030 3700 1145 3784 finivit,

34 3809 284 3896 coniugationibus
314 3813 515 3878 discreverit:
542 3833 601 3878 uec
631 3831 794 3875 arcessere
820 3809 1002 3894 cognitus
1035 3805 1143 3890 agni-

34 3915 78 3976 tus
103 3921 274 4005 participia,
305 3941 386 4004 qnae
410 3919 472 3984 etsi
495 3917 627 3982 dubium
652 3937 717 3981 non
741 3921 791 3980 est
814 3915 892 4000 quin
916 3935 954 3978 ex
978 3911 1142 3997 primitiva
1160 3929 1185 3970 n

35 4025 169 4090 nar-tus
192 4027 296 4094 torma
318 4026 505 4112 prodierint,
528 4029 637 4090 tamen
662 4023 837 4108 ancipitem
861 4020 981 4086 habere
1005 4019 1144 4104 explica·
1223 4017 1226 4022 “

35 4125 85 4189 un
105 4131 228 4198 rideam.
278 4131 340 4200 Sed
369 4133 480 4200 eodem
509 4155 586 4198 sane
615 4153 678 4216 quo
702 4125 828 4194 stitus
857 4148 972 4213 genere
1000 4147 1144 4210 compre·

36 4225 119 4300 hendo
138 4259 153 4300 e
175 4243 206 4303 cl
229 4241 329 4324 stirpe
353 4240 441 4306 tacta
464 4243 564 4304 citus
589 4241 697 4302 citus.
734 4235 817 4300 ltem
840 4232 1144 4317 comprehenderem

37 4345 138 4415 quitus
160 4349 286 4427 quitus
309 4367 381 4410 cum
400 4343 630 4430 grammaticis,
654 4341 682 4406 si
700 4340 796 4406 modo
814 4362 884 4404 eam
903 4361 1024 4424 vocem,
1047 4362 1144 4424 quam

37 4445 164 4528 corripuit
192 4450 360 4516 Terentius
393 4449 537 4536 Hecyrae
567 4447 624 4532 lV,
649 4451 676 4532 1,
700 4449 752 4534 57,
788 4469 920 4532 usquam
956 4446 1142 4532 productam
