3020 5118
418 374 672 423 connnsrsmo
697 375 808 422 raros.
1123 355 1184 422 189

58 519 158 578 mmet.
192 513 285 590 Quod
309 515 337 578 si
361 520 411 580 est
434 517 496 600 ita,
519 541 583 584 non
607 517 711 582 habeo
731 537 809 580 sane
828 537 919 600 quos,
941 519 1069 599 practer
1087 537 1184 579 norun

55 621 174 684 loriasse
203 619 411 702 Paeonium,
443 623 519 690 illos
550 647 621 690 esse
649 623 769 708 dicam,
798 645 878 707 quos
905 627 981 688 ante
1014 643 1049 687 se
1076 621 1110 686 in
1138 621 1184 686 in·

54 727 214 792 stauranda
238 729 408 794 columnae
431 735 592 796 rostratae
614 730 823 814 inscriptione
844 750 976 814 operam
999 726 1184 794 conlocasse

52 857 127 900 snam
150 832 345 902 Ciacconius
368 837 420 900 his
445 837 550 902 verbis
574 837 736 921 signifieat
759 835 829 920 p.5
853 833 984 920 (1812):
1011 831 1081 900 ‘nec
1099 835 1184 900 enim

35 937 114 1005 'nihi
137 941 208 1026 ipse
233 945 362 1007 tantum
385 943 509 1028 irrogo,
538 947 574 1008 ut
597 942 681 1027 quod
710 942 826 1008 eruditi
855 941 984 1026 quidum
1009 941 1085 1023 viri,
1112 963 1184 1006 cum

50 1049 75 1112 in
95 1071 130 1113 eo
152 1070 221 1114 non
250 1071 364 1132 parum
393 1049 492 1114 studii
520 1051 701 1136 posuerint,
733 1071 797 1118 non
831 1049 910 1114 setis
944 1047 1084 1114 feliciter
1115 1071 1184 1134 per·

48 1155 147 1218 secisse
171 1154 334 1241 ridentur,
366 1156 399 1222 id
426 1157 478 1222 vel
506 1157 616 1242 aliqua
643 1179 682 1222 ex
710 1163 802 1241 parte
832 1160 1015 1221 assecutum
1039 1179 1109 1222 esee
1134 1179 1184 1222 me

50 1261 179 1343 sperem?
229 1263 268 1328 ln
293 1285 356 1348 quo
381 1265 450 1328 viro
475 1265 625 1350 quoniam
654 1287 713 1348 par
735 1247 903 1330 accuratae
927 1263 1092 1328 doctrinae
1115 1263 1183 1328 lau-

48 1366 197 1452 dabilique
222 1370 413 1456 diligentiae
437 1369 597 1437 modestia
620 1375 763 1456 apparet,
787 1393 850 1458 quo
869 1369 942 1456 plus
962 1371 1184 1436 similitudinis

49 1473 120 1538 inter
150 1475 258 1559 ipsios
291 1479 387 1560 amne
415 1477 516 1562 Lipsii
545 1477 718 1564 Pighiique
750 1476 974 1562 supplementa
1006 1479 1185 1562 intercedit,

47 1583 202 1648 eominus
228 1583 324 1648 illum
348 1585 499 1650 credibile
523 1588 574 1650 cst
595 1583 669 1669 hos,
697 1585 725 1649 si
749 1585 790 1650 ab
821 1584 868 1648 eis
892 1583 1095 1668 profecisset,
1128 1591 1185 1650 aut

47 1689 164 1755 silentio
188 1692 444 1775 praeteriturum
467 1691 568 1756 luisse
592 1696 649 1758 eut
671 1692 718 1756 sie
742 1691 791 1755 uti
814 1689 892 1755 feeit
915 1693 999 1755 tecto
1024 1689 1182 1774 significa·

46 1799 149 1860 turnm.
181 1835 228 1844 —
262 1797 413 1864 Ceterum
446 1799 552 1882 ipsum
586 1799 726 1882 lapidem
753 1820 773 1862 a
801 1795 973 1864 Oiacconio
1003 1797 1183 1882 inspectum

47 1923 104 1966 esse
126 1904 232 1988 ipsius
256 1906 355 1971 verba
378 1905 472 1972 fidem
495 1905 634 1970 faciunt:
657 1927 694 1970 ac
713 1904 836 1970 Romae
858 1925 930 1970 eum
950 1903 1079 1988 degisse
1103 1905 1210 1970 satise

47 2014 167 2076 constat.
205 2011 278 2078 Nec
301 2012 405 2077 multo
428 2017 504 2098 post
528 2015 654 2078 erutum
678 2035 694 2076 e
718 2017 805 2076 terra
828 2009 960 2076 titulum
984 2011 1024 2076 ud
1044 2011 1182 2078 scriben-

48 2113 109 2180 dum
125 2119 312 2198 accessisse,
331 2121 410 2185 haec
429 2120 498 2184 eius
519 2120 615 2183 verba
634 2119 763 2185 docent:
787 2116 879 2182 ‘Eine
898 2116 1067 2184 columnae
1086 2119 1204 2202 basis,.

48 2243 92 2285 scu
113 2231 283 2308 potestate
306 2228 430 2312 potius,
461 2249 527 2292 non
550 2227 661 2310 procul
686 2227 726 2290 ab
750 2247 826 2292 arcu
850 2222 1012 2310 Septimii,
1041 2227 1074 2292 in
1098 2227 1182 2293 Foro

47 2327 104 2410 ipso
126 2331 292 2418 Romano,
318 2335 506 2419 proximis
536 2333 805 2418 superioribus
837 2333 949 2398 annis
974 2355 991 2398 e
1014 2333 1183 2400 ruderibus

48 2435 149 2503 ellossa
169 2440 257 2506 fnit'

122 2545 202 2612 Post
235 2547 295 2614 hos
326 2569 392 2613 non
428 2548 531 2615 edidit
564 2548 693 2633 quidem
728 2569 799 2614 eam
831 2546 1090 2630 inscriptionem,
1127 2547 1183 2614 sed

49 2651 187 2718 tractavit
209 2657 320 2719 tamen
344 2653 453 2739 aliqua
477 2677 516 2720 ex
539 2657 629 2738 parte
657 2654 843 2739 formasque
872 2653 1085 2719 notabiliores
1109 2655 1182 2718 inde

50 2762 192 2844 excerpsit
222 2782 307 2826 anno
337 2777 498 2827 cloloxcv
526 2757 625 2844 (himo
652 2759 737 2824 enim
765 2761 835 2845 ipse
859 2763 998 2826 testatur
1019 2783 1050 2844 p.
1067 2760 1112 2826 45
1135 2760 1182 2826 ed.

51 2863 106 2946 alt)
134 2865 291 2934 Census
320 2865 577 2934 C1rrso1nvs
606 2868 640 2932 in
668 2889 727 2932 suo
751 2865 912 2956 ‘Trattato
940 2865 1027 2932 della
1050 2866 1183 2950 volgare

50 2967 156 3054 lingua'
184 2975 333 3040 Venetiis
366 2998 393 3042 a.
418 2993 546 3042 cro1ocr
578 2975 718 3062 primum
755 2972 856 3056 edito,
893 2973 1011 3038 iterato
1044 2973 1077 3038 iu
1115 2973 1182 3038 eius

52 3069 149 3157 ‘Opere
181 3081 324 3148 raccolte
357 3081 398 3146 ds
430 3083 597 3148 Girolamo
630 3079 736 3166 Gigli’
769 3079 891 3145 Romae
924 3101 953 3144 a
980 3095 1182 3146 cro1occxx1.

13 3175 14 3180 ’
52 3175 105 3246 l'hi
123 3207 151 3269 p.
173 3188 215 3252 12
239 3187 366 3273 ‘questa
388 3187 576 3254 incrizione'
605 3189 712 3275 inquit
740 3185 874 3253 ‘benohb
897 3207 955 3270 per
978 3184 1012 3250 la
1034 3185 1183 3271 maggior

53 3293 128 3366 parte
144 3292 261 3378 lacera,
281 3315 298 3358 e
317 3315 432 3359 manca
451 3317 508 3378 per
526 3293 556 3358 le
576 3294 714 3379 inginrie
734 3293 785 3358 del
805 3297 924 3376 tempo,
946 3315 963 3356 e
981 3292 1064 3358 delle
1083 3291 1184 3376 ruine,

55 3392 74 3454 si
93 3417 241 3466 conserva
271 3401 347 3486 oggi
375 3401 428 3466 nel
453 3401 599 3466 Romano
623 3396 870 3486 Campidoglio',
896 3398 936 3464 de
959 3403 1104 3486 tempore
1128 3422 1182 3465 un·

55 3503 106 3564 lem
127 3506 265 3588 primum
289 3506 412 3572 inventi
437 3510 608 3573 marmoris
633 3509 679 3573 sic
702 3508 847 3592 loquitur
870 3529 901 3592 p.
920 3509 976 3572 24:
1001 3506 1125 3590 ‘presso
1150 3505 1180 3569 al

56 3609 351 3698 qualCempidoglio
374 3613 408 3678 fu
432 3614 463 3678 al
488 3617 598 3698 tempo
621 3613 654 3678 di
678 3615 782 3678 nostri
806 3613 898 3698 padri
923 3613 960 3677 ed
985 3636 1004 3678 a
1027 3612 1182 3677 memoria

56 3712 253 3785 niceronta
277 3717 310 3784 la
332 3719 422 3784 detta
445 3719 545 3784 base?
590 3719 662 3796 Qua
685 3721 718 3784 in
741 3721 811 3786 basi
835 3742 912 3786 num
935 3719 991 3784 illo
1016 3719 1080 3782 iam
1104 3721 1182 3781 tem·

58 3838 116 3898 pore
136 3849 190 3892 eae
215 3848 295 3912 quae
324 3848 435 3892 recens
464 3831 669 3892 accesserunt
695 3827 824 3891 litterae
848 3824 1029 3908 insculptae
1052 3821 1182 3905 fuerint,

57 3921 283 4019 haudquaquam
312 3933 387 3998 bine
413 3955 510 4017 posse
543 3933 721 3998 existimari
750 3931 887 4016 videtur,
916 3931 999 4016 quod
1023 3931 1106 4010 iuter
1129 3953 1180 3994 ex·

59 4042 162 4120 eerptas
186 4038 389 4105 aOittadino
413 4039 534 4104 formas
559 4039 658 4104 etiam
678 4037 858 4104 OLOliVM
883 4038 963 4104 illud
987 4043 1049 4122 est,
1073 4037 1138 4102 iam
1162 4059 1181 4102 a

60 4135 158 4223 lipsio,
189 4170 209 4212 a
236 4145 409 4213 Ciaeoonio
441 4145 552 4233 (quem
585 4147 691 4232 ipsum
719 4147 952 4210 commemorat
984 4142 1052 4230 ille)
1085 4151 1181 4229 utque
1286 4159 1295 4176 ⁸

61 4251 123 4326 apud
145 4252 336 4318 Paneinium
360 4255 405 4319 sic
428 4253 654 4318 instauratum.

127 4357 343 4425 EGiacoonio
367 4363 475 4426 autem
500 4361 571 4424 tota
594 4359 660 4422 fere
685 4357 791 4441 opella
812 4356 890 4422 ltali
913 4357 1055 4424 hominis
1079 4355 1180 4421 Grv-

62 4472 117 4526 uss
139 4484 185 4529 ne
200 4467 335 4532 Gozzr:
350 4465 552 4532 Pisaurensis
568 4463 695 4548 pendet,
716 4465 769 4548 qui
786 4463 907 4530 Rornae
926 4489 954 4530 u.
969 4482 1178 4530 emroexxxv
