3020 5118
414 357 565 405 rorvnvs
590 357 795 405 sunrnrsss.
1110 338 1172 402 177

126 497 262 562 Tertium
293 497 345 562 his
373 499 406 564 in
436 499 548 566 codem
576 500 672 566 titulo
697 498 879 582 exemplum
903 495 1025 561 accedit
1048 493 1174 560 GALE-

57 603 215 671 CANDAM
243 628 302 690 pro
329 607 525 672 calcandum:
555 609 589 672 in
618 629 680 692 qno
704 603 862 671 vocabulo
886 603 1039 668 omissam
1063 623 1173 686 synco-

53 735 111 796 pam
131 713 230 796 ipsius
253 714 334 778 artis
357 737 444 798 usus,
468 715 536 780 sive
560 714 726 798 opificium
750 711 855 776 dicere
881 711 994 793 males,
1024 731 1081 794 per
1105 709 1173 775 lon-

53 823 107 904 gius
131 827 256 904 tempus
284 821 450 886 stabilivit.
496 821 533 886 Id
569 821 654 886 enim
681 821 729 884 ita
760 841 830 884 esse
862 819 943 883 satis
975 817 1176 900 intellegitur

51 928 150 1010 triplici
174 925 261 992 Festi
290 928 496 1014 testimonio,
524 929 607 994 unde
635 928 756 995 Paulus
784 926 947 1011 profectus
977 947 1006 1008 p.
1028 925 1071 988 47
1095 922 1174 989 haee

51 1035 149 1117 posuit:
173 1035 337 1100 calicula
359 1035 500 1116 aedificio
523 1035 603 1099 calce
619 1035 729 1116 polita,
752 1035 869 1098 iterum
888 1055 920 1116 p.
939 1031 981 1096 59
1000 1035 1176 1098 caliculis

50 1141 110 1205 coloe
124 1143 243 1224 politis,
265 1142 364 1208 tertio
388 1142 460 1208 loco
483 1165 514 1226 p.
539 1144 580 1208 75
603 1143 848 1206 decorticatum
875 1144 956 1207 calce
978 1145 1081 1213 lilani.
1105 1144 1174 1228 qui-

51 1247 163 1314 buscum
195 1250 260 1314 iam
292 1250 349 1314 alii
372 1249 490 1316 Isidori
514 1250 700 1338 Placidique
724 1247 850 1338 glossas
874 1253 1080 1319 contulerunt
1104 1255 1175 1322 ‘de-

50 1357 131 1421 oolro
156 1356 275 1422 deulbo'
306 1361 339 1422 et
366 1357 581 1424 ‘decalvatis
608 1361 645 1424 de
671 1360 750 1425 ealce
775 1357 909 1442 olbotoe’,
937 1360 1044 1444 ipsum
1068 1367 1174 1428 autmr

51 1463 277 1530 lletrinntium·
291 1465 421 1530 titulum
446 1467 487 1533 ab
512 1465 596 1532 aldo
620 1467 765 1532 Manutio
795 1467 829 1534 P.
854 1466 874 1532 l.
898 1474 1066 1552 acceptum
1090 1470 1174 1535 lose·

49 1569 114 1652 piros
136 1569 282 1657 Scaliger
305 1573 496 1656 composuit.

118 1677 229 1745 Monet
253 1685 361 1744 autem
385 1679 496 1746 eadem
519 1681 715 1746 conandum
738 1681 853 1765 formo,
876 1685 912 1745 nt
935 1682 973 1746 de
992 1683 1174 1768 antiquiore

48 1783 141 1870 lipro
164 1785 311 1852 llittera
333 1787 458 1852 dicatur
481 1789 533 1852 vel
557 1789 635 1854 nlibi
659 1787 744 1853 dicta
763 1789 797 1853 in
815 1788 1006 1852 memoriam
1026 1811 1174 1854 revocen-

49 1898 95 1956 tur.
140 1893 245 1970 Quam
276 1892 310 1956 in
342 1891 403 1958 hac
435 1893 506 1978 ipsc
539 1917 615 1960 voce
648 1894 681 1958 in
712 1893 800 1958 Festi
829 1892 874 1978 (h.
903 1917 928 1958 e.
957 1893 1063 1978 Pauli)
1090 1897 1175 1962 libro
1223 1980 1229 1993 ι

50 1985 252 2066 remotissimo
276 2000 431 2084 scriptam
456 2023 490 2065 se
513 2003 695 2086 repperisse
720 1999 897 2066 Salmasius
921 1999 1061 2068 Plinian.
1089 2025 1176 2068 exer·

49 2105 121 2170 citat
143 2131 172 2191 p.
195 2108 260 2174 868
291 2111 444 2190 testatur,
474 2107 606 2173 wleoala
630 2113 662 2172 et
689 2109 890 2174 dealecaoom
918 2108 1007 2175 illinc
1031 2109 1177 2174 afferens.

50 2211 87 2276 De
107 2236 142 2278 eo
164 2214 267 2300 igitur
284 2235 411 2298 genere,
434 2214 524 2278 cuius
543 2219 710 2298 praeterea
730 2213 924 2281 SOLEDAS
944 2219 976 2278 et
993 2215 1176 2282 MERETA

50 2321 161 2386 suntin
186 2323 248 2387 boc
271 2322 378 2404 titulo,
401 2321 441 2386 ad
465 2321 666 2406 epigramma
690 2320 849 2388 Soranum
874 2345 904 2406 p.
931 2323 970 2386 15
994 2345 1040 2408 sq.
1065 2325 1178 2408 [supra

49 2447 72 2507 p.
94 2428 163 2508 132]
187 2429 268 2513 dixi,
291 2430 392 2514 ipsius
417 2429 493 2494 anni
521 2428 650 2493 circitor
673 2429 738 2494 620
761 2429 880 2494 tinibus
905 2428 973 2494 eius
997 2451 1091 2494 nsum
1114 2437 1177 2494 ter·

49 2531 173 2599 minans:
203 2539 300 2620 atque
328 2534 498 2600 MERITA
531 2535 596 2600 iam
625 2535 725 2601 babes
753 2537 787 2600 in
816 2535 898 2620 legis
927 2535 1176 2617 repetundarum

51 2637 200 2706 simillima
232 2641 373 2708 formula
405 2641 526 2706 ΔΕΚΑ
545 2677 552 2690 ·
574 2641 877 2718 STIPENDIAQuc
895 2675 901 2690 ·
917 2639 1081 2705 OMNIA·
1100 2640 1178 2705 Mol-

51 2743 159 2810 lllTll·
183 2747 315 2814 SVNTo
338 2751 358 2829 ξ
378 2749 429 2814 24.
475 2747 625 2814 Ceterum
649 2749 715 2814 illic
740 2771 811 2814 cum
835 2748 1002 2833 proximae
1026 2751 1101 2830 post
1124 2771 1177 2812 an-

50 2871 115 2916 nom
136 2854 199 2920 620
227 2855 345 2920 aetatis
369 2856 420 2920 rix
448 2855 513 2920 tria
540 2877 590 2920 me
620 2855 767 2937 exempla
794 2853 978 2918 meminisse
1008 2855 1127 2918 servati
1150 2853 1177 2918 E

51 2959 110 3022 soni
131 2961 255 3046 scripsi,
283 2961 322 3026 de
345 2962 435 3028 brevi
458 2962 562 3028 vocali
586 2960 741 3046 cogitavi,
764 2983 830 3024 non
853 2959 892 3024 de
915 2959 1073 3044 producta
1095 2983 1178 3045 quae

51 3061 104 3127 luit
123 3065 164 3130 El
187 3069 369 3152 scripturae
393 3069 529 3134 vicaria:
552 3089 628 3132 narn
654 3067 748 3132 liuius
768 3087 845 3130 sane
865 3066 959 3149 plura
977 3066 1125 3150 exempla
1143 3067 1177 3130 in

52 3177 186 3256 promptu
209 3177 294 3258 sunt,
323 3179 359 3240 ut
381 3173 488 3238 IVRE
513 3171 740 3238 DEICVNDO
764 3174 797 3238 in
820 3171 1070 3255 repetundarum
1094 3173 1175 3256 lege,
1190 3187 1245 3226 MV

54 3271 209 3344 VETERE
239 3281 272 3344 in
306 3279 435 3366 agraria
462 3283 482 3360 ἐ
507 3281 541 3364 6,
570 3275 783 3344 PAPEIthS
814 3278 933 3343 ibidem
962 3282 981 3358 ξ
1010 3280 1053 3342 42
1083 3279 1178 3361 inque

53 3381 224 3450 leolanensi
248 3387 273 3451 l.
296 3387 333 3452 R.
358 3387 396 3452 N.
424 3387 508 3451 1094
536 3387 612 3450 anni
637 3387 702 3450 626
732 3384 779 3466 [C.
804 3383 827 3448 l.
851 3383 885 3450 L.
908 3383 923 3447 Ι
948 3405 978 3446 n.
1002 3385 1075 3448 554.
1100 3385 1179 3456 ἴ).’”);”);

54 3483 81 3547 Ρ.
99 3487 128 3553 1.
148 3489 190 3558 Μ,
213 3492 251 3558 Ε.
275 3493 340 3558 tab.
363 3491 419 3557 LV
441 3492 518 3558 Oct
541 3491 598 3574 Dl,
622 3489 757 3556 DEDIO
782 3488 860 3575 (lone
883 3489 969 3552 onim
994 3489 1078 3553 valet
1102 3487 1179 3552 DII·

55 3587 127 3680 blo)
148 3599 180 3662 in
202 3598 366 3684 Capnensi
389 3601 475 3666 3569
501 3601 576 3666 anui
601 3601 665 3664 656
691 3599 740 3680 [G.
763 3597 788 3662 I.
812 3597 847 3662 L.
871 3597 886 3662 l
911 3619 940 3661 n.
964 3597 1057 3677 5701,
1088 3599 1121 3660 ut
1146 3595 1178 3658 in

55 3695 93 3762 his
109 3725 186 3769 nunc
210 3707 397 3770 subsistam.

125 3809 299 3896 Aliquanto
318 3812 449 3898 diutius,
467 3835 564 3896 quam
583 3835 642 3897 pro
657 3813 746 3879 brevi
762 3814 773 3876 i
788 3813 948 3874 servotum
965 3807 1002 3888 ll,
1017 3807 1049 3870 in
1066 3805 1180 3868 mediis

57 3916 199 3984 vocabulis
218 3918 246 3982 Ο
265 3919 424 3986 mansisse
442 3941 501 4003 pro
520 3908 697 3984 recentiore
711 3917 751 3999 V,
770 3916 889 3982 ibidem
909 3913 1110 3996 disputatum
1131 3916 1180 3976 est

59 4023 262 4110 p.15[oupra
285 4049 316 4110 p.
337 4026 397 4090 131
419 4027 489 4112 sq.].
535 4031 639 4102 Qooare
663 4049 735 4120 eum
759 4023 851 4088 facile
875 4020 1036 4106 quispiam
1057 4018 1179 4083 POPO·

59 4121 120 4191 LVS
142 4131 247 4214 potins
267 4155 361 4196 versu
386 4132 586 4216 paenultimo
616 4133 773 4217 scriptum
797 4132 961 4212 exspectet
983 4124 1094 4212 (quam
1121 4129 1180 4190 lor·

61 4251 125 4300 nam
151 4260 221 4303 cum
243 4241 402 4324 pincolum
426 4239 493 4302 oon
517 4239 611 4317 fossus
635 4237 823 4302 Victorinus
852 4258 882 4318 p.
902 4237 987 4299 2458
1017 4235 1180 4318 sociat*)b

85 4351 383 4466 ᾖ-Ἶ-(ἶ61261661ιί6]α
401 4395 486 4450 corba
501 4393 637 4448 Victorini
655 4394 723 4446 alibi
738 4392 887 4447 emendate
901 4391 981 4445 dabo.
996 4423 1023 4432 -
1038 4393 1068 4444 ln
1083 4390 1180 4444 endem

61 4493 139 4536 mussa
154 4486 283 4552 qnoniam
300 4484 458 4538 Priscianus
477 4483 488 4536 1
508 4501 534 4552 p.
554 4489 606 4536 tut
625 4501 687 4536 curn
705 4484 828 4552 polorum
846 4482 952 4550 colpam
967 4481 1107 4534 Herculem
1126 4477 1179 4530 for-

102 4587 137 4622 ιι
151 4589 294 4628 cromnam
314 4591 445 4628 orvscvca
465 4591 501 4628 ιν.
935 4575 967 4621 12
