3008 5118
302 383 423 435 eonsrs
446 382 644 434 mmm
668 380 901 432 srrcmuorvn
1113 363 1177 430 303

588 528 619 593 5.

128 633 307 719 Agricola
329 633 380 699 rel
403 633 543 700 fortasse
568 635 729 700 colonus
753 633 809 719 qni
832 637 933 716 esset,
964 631 1011 696 sic
1033 630 1097 694 nisi
1119 627 1177 694 ial-

54 739 135 802 limur
156 736 234 804 Cato
258 738 403 805 definivit
425 737 550 826 (VIII):

138 861 346 930 virbonus
370 867 442 948 est,
466 863 593 930 Μάνου
616 861 693 944 fssi,
718 861 884 952 a-rsndssr‘
903 861 1070 948 peritus,

137 967 251 1036 Cuius
274 971 514 1038 fe'rrame'nta
537 971 745 1056 splendent
789 989 987 1022 ιιιιιι

49 1095 100 1159 nisi
121 1093 245 1180 quidem
268 1097 385 1162 colendi
407 1098 554 1178 verbum,
582 1097 667 1182 qnod
695 1097 859 1182 proditum
887 1101 936 1164 est
964 1117 984 1160 a
1008 1093 1119 1160 Servio
1142 1093 1176 1158 in

51 1201 130 1288 Verg.
152 1203 267 1288 Geor-g.
290 1203 320 1288 Ι,
338 1205 396 1288 46,
427 1204 577 1290 intellegi
605 1209 713 1270 autem
737 1205 815 1271 sine¹
830 1201 1032 1270 substantivo
1055 1199 1177 1284 nequit,

49 1309 141 1373 addita
176 1309 385 1377 Fleckeiseno
417 1309 496 1375 duce
528 1311 599 1395 apri
635 1311 769 1379 notione
804 1311 906 1377 males
937 1310 1000 1377 hoc
1029 1308 1176 1393 exemplo

48 1437 171 1481 serrare:

81 1541 143 1606 Vir
165 1543 288 1608 bonus
312 1546 384 1628 est,
407 1541 533 1608 Mirce
557 1539 634 1626 fili,
656 1579 679 1589 -
702 1542 830 1608 colere
860 1545 993 1626 agrum
1016 1537 1177 1626 peritus.

46 1665 122 1741 Quod
144 1667 292 1753 equidem
319 1667 482 1751 praeferre
515 1689 581 1732 non
608 1666 792 1732 dubitarem
819 1665 978 1752 profecto,
1010 1664 1037 1729 si
1055 1663 1177 1747 periture

46 1771 176 1838 adiectivi
199 1795 275 1839 cum
299 1773 458 1839 infinitivo
483 1773 662 1839 constructi
682 1773 864 1858 exemplum
884 1771 1062 1856 antiquitas
1079 1771 1175 1836 Cato-

44 1879 126 1944 niana
147 1879 382 1966 suppeditaret
961 1881 975 1908 ⁹

117 2111 199 2178 Huic
223 2117 366 2199 cognata
389 2115 486 2198 atque
513 2109 592 2176 adeo
619 2109 707 2176 haud
735 2111 831 2177 dubie
854 2110 959 2176 vicina
982 2109 1017 2174 in
1040 2105 1175 2174 Catonis

43 2217 166 2284 carmine
194 2219 259 2284 iuit
290 2218 462 2285 oratoria
492 2218 651 2302 definitio,
683 2219 811 2304 qualern
834 2221 963 2304 praeter
985 2215 1175 2292 Quinctilio·

15 2345 105 2403 ¹num
131 2325 211 2391 Inst.
241 2327 324 2390 orat.
352 2323 431 2409 ΧΠ,
452 2327 468 2390 1
498 2325 568 2390 init
597 2329 630 2390 et
656 2323 798 2390 Plinium
827 2323 933 2410 Epist
955 2322 1013 2408 IV,
1037 2325 1066 2407 7,
1089 2323 1110 2386 5
1133 2321 1176 2388 M.

43 2427 149 2496 Seneca
180 2431 389 2498 Controvers.
425 2431 481 2497 lib.
509 2431 524 2496 1
555 2431 690 2516 praefat
723 2453 753 2516 p.
776 2431 819 2496 66
857 2431 904 2496 ed.
936 2429 1115 2496 Amatelod.
1148 2453 1175 2494 a

42 2553 240 2604 uomcnxxn
265 2541 508 2604 commemorat
549 2536 687 2604 Videtur
710 2536 795 2602 enim
820 2535 952 2603 Catonis
976 2536 1055 2602 haec
1078 2537 1175 2602 ratio·

42 2645 145 2714 emutio
171 2647 290 2730 fuisse,
323 2649 360 2712 ut
387 2645 576 2730 primarium
605 2666 675 2710 esse
703 2645 737 2710 in
765 2644 854 2710 omni
876 2645 964 2708 vitae
988 2641 1176 2709 condicione

42 2757 67 2815 et
86 2753 224 2819 civitatis
250 2753 331 2818 bene
355 2753 553 2819 constitutae
577 2755 675 2836 caput
692 2753 794 2816 ciram
816 2751 929 2816 bonum
951 2771 1013 2815 esse
1035 2773 1175 2836 pronun·

41 2857 124 2924 tieret
145 2881 284 2946 eamque
308 2859 499 2924 sententiam
522 2857 622 2925 variis
646 2857 803 2942 exemplis
827 2861 1063 2943 exsequeretur.
1104 2856 1176 2923 Huc

41 2963 127 3049 igitur
149 2967 301 3054 apprime
324 2965 401 3032 talis
425 2965 599 3032 versiculus
623 2964 837 3030 conveniebat
858 2961 949 3050 (v1):

116 3091 184 3157 Vir
209 3092 333 3158 bonus
356 3095 429 3176 est,
451 3089 577 3156 Mtrca
600 3088 676 3174 fili,
698 3127 721 3137 -
744 3087 899 3155 dicendi
919 3087 1083 3174 peritus,

41 3215 96 3280 sira
122 3217 155 3282 in
183 3217 248 3282 fine
273 3215 448 3301 superioris
475 3237 587 3281 versus
615 3215 750 3281 ordtor
779 3213 993 3299 praecedebat
1020 3213 1087 3280 sive
1117 3213 1176 3279 ali-

41 3327 146 3403 quanto
173 3324 276 3409 prins.
321 3322 413 3400 Quod
440 3323 633 3390 vocabulum
662 3322 724 3388 etsi
754 3321 866 3388 eodem
889 3343 984 3387 versu
1007 3321 1105 3387 facile
1128 3321 1175 3386 sic

41 3429 297 3514 comprehendas:

159 3553 317 3638 Ordtor,
340 3551 466 3620 Mirce
489 3551 567 3640 fili,
589 3591 612 3602 -
635 3553 694 3620 uir
716 3555 860 3622 bonrist
881 3552 1034 3620 dicendi

159 3658 318 3728 Peritos

41 3788 136 3851 tamen
161 3785 247 3854 illud
275 3787 349 3871 plus
378 3787 504 3872 gratiae
536 3791 569 3852 et
600 3785 828 3852 concinnitatis
861 3783 1174 3853 commendationem
1191 3811 1216 3852 ro

42 3893 183 3960 maiorem
206 3893 330 3958 habere
350 3893 453 3978 ipsius
475 3891 651 3980 fragmenti
674 3891 696 3958 5
719 3893 920 3978 comparatio
940 3891 1047 3958 docet

119 4157 273 4246 Sequitur
301 4165 340 4225 nt
364 4158 464 4224 Nonii
491 4181 522 4244 p.
549 4157 611 4224 143
643 4157 864 4224 testimonium
895 4158 1126 4246 disceptemus,
1158 4181 1175 4225 e

42 4257 165 4330 Catonis
193 4263 387 4350 ‘praeceptis
419 4265 461 4332 ad
490 4263 606 4331 filinm'
638 4266 718 4332 haec
745 4267 843 4332 verbe
871 4266 1080 4352 proferentis:
1114 4267 1176 4334 ‘crs

43 4367 186 4450 inperator
209 4378 242 4438 tu
267 4373 321 4439 ille
342 4375 447 4440 coris
472 4372 729 4439 mcdcostrioum?
775 4371 863 4449 Quae
894 4373 949 4459 qui
972 4373 1173 4440 Boeckhium

44 4476 244 4554 probabiliter
266 4481 429 4546 rettulisse
452 4480 493 4546 ad
516 4481 722 4567 magnificam
745 4481 784 4545 de
802 4479 888 4547 Iovis
907 4481 1024 4566 optimi
1042 4481 1175 4546 maximi
