3108 5142
323 393 365 456 36
587 406 688 457 anais
712 409 863 455 1111111111
888 408 971 455 rans
996 408 1202 456 svennsrss.

323 551 589 634 interpretatione
613 558 740 638 praeter
763 553 852 635 ipsos
876 551 1015 616 editores
1039 551 1121 616 bene
1146 553 1336 614 meruerunt
1364 548 1434 626 Quod

321 678 421 742 genus
445 683 540 743 quam
572 662 655 726 solet
678 684 697 724 a
720 660 960 744 philologorum
988 658 1098 723 indole
1122 663 1155 722 et
1180 657 1359 722 condicione
1379 657 1436 720 alie
1527 735 1528 740 ἵ

320 785 397 828 1111111
421 788 503 850 esse,
531 770 598 829 tam
627 765 832 830 coniunctum
861 787 932 828 cum
957 764 1074 828 horum
1105 763 1214 829 officio
1245 765 1324 830 illud
1344 786 1437 828 munus

320 872 475 956 estquod
499 873 538 936 ad
567 873 639 954 ipsa
662 873 760 936 verba
789 875 916 954 spectat
944 893 1017 935 cum
1047 871 1109 934 fide
1138 874 1171 934 et
1195 871 1314 935 iudicio
1336 875 1364 933 et
1384 867 1439 932 dili·
1526 895 1527 900 ¹

320 977 430 1060 gentio
459 976 640 1042 adcuranda
671 977 895 1041 constituenda
930 977 1217 1060 repraesentanda:
1251 975 1337 1062 quali
1362 996 1440 1058 opera

320 1089 352 1149 ct
379 1086 465 1149 viam
498 1085 596 1149 sterni
634 1084 802 1169 interpreti
835 1089 868 1148 et
900 1107 995 1168 saepe
1028 1085 1171 1168 aliquam
1203 1089 1329 1168 partem
1359 1082 1443 1167 ipsius

319 1192 595 1275 interpretationis
613 1192 771 1256 contineri
789 1213 854 1256 non
873 1191 959 1276 fugit
976 1193 1109 1274 peritos.
1146 1191 1208 1255 His
1228 1192 1330 1276 igitur
1345 1190 1443 1254 linibus

319 1303 466 1364 nostrum
493 1297 794 1363 commentariolum
823 1297 1098 1380 circumscriptori
1126 1297 1239 1380 paucis
1268 1295 1445 1360 narrandum

319 1405 358 1469 de
382 1405 469 1469 omni
492 1405 707 1469 instrumento
732 1405 843 1468 critico
868 1403 1023 1468 videmus
1317 1487 1323 1496 .

407 1510 455 1575 Ao
470 1513 629 1594 repertam
645 1532 714 1574 esse
729 1513 858 1573 constat
873 1510 1018 1574 tabulam
1034 1509 1126 1574 illam
1142 1505 1288 1595 aeneam,
1298 1511 1330 1575 in
1341 1508 1447 1594 quala

319 1616 442 1681 Rubria
457 1619 576 1700 scripta
590 1621 646 1698 est,
667 1617 717 1680 die
731 1615 839 1681 XXIV
856 1619 976 1681 mensis
998 1617 1122 1700 Aprilis
1143 1618 1219 1681 anni
1240 1612 1449 1683 elumbem

318 1725 352 1788 in
375 1725 445 1790 vico
469 1728 573 1789 terrae
591 1725 797 1789 Placentinae
822 1725 872 1788 cui
892 1724 1075 1788 Macinesso
1099 1746 1228 1808 nomen,
1253 1724 1340 1789 inter
1363 1723 1450 1806 parie-

317 1832 402 1898 tinas
421 1832 551 1917 pristini
570 1833 681 1914 oppidi
699 1831 840 1914 Veleiae,
864 1831 947 1895 unde
967 1832 1113 1914 ineptum
1133 1829 1278 1916 ‘Digesti
1297 1824 1449 1894 Veleiatis’

318 1960 435 2002 nomen
456 1937 520 2022 legi
549 1937 685 2001 inditum
714 1943 763 2001 est
791 1939 980 2023 aliquando:
1012 1938 1097 2003 haud
1124 1938 1238 2021 procul
1264 1938 1367 2003 abeo
1392 1936 1451 1998 loco

318 2045 352 2108 111
374 2044 612 2128 0110·11011001111
636 2049 710 2109 ante
741 2046 833 2110 annis
858 2044 982 2128 ‘tabula
1006 2015 1213 2110 alimentiaria
1236 2042 1393 2125 Traiani',
1414 2041 1453 2104 rel

319 2151 423 2215 verius
447 2151 605 2235 obligatio
629 2152 843 2236 praediorum,
868 2153 986 2217 effossa
1010 2157 1088 2217 erat.
1136 2152 1285 2216 Transiit
1310 2152 1454 2232 deinceps,

318 2262 489 2343 postquam
512 2259 546 2323 in
569 2282 606 2324 ea
630 2259 818 2343 explicanda
842 2263 874 2323 et
898 2261 932 2324 in
956 2283 1047 2324 suam
1071 2260 1217 2344 linguam
1242 2255 1456 2324 transferenda

318 2365 503 2432 Annonlvs
528 2363 642 2432 Cossa
666 2367 837 2432 canonicus
861 2366 1070 2432 Placentinus
1094 2366 1290 2450 elaboravit,
1315 2385 1458 2431 unacum

318 2472 414 2536 huius
438 2472 562 2537 schedis
591 2494 665 2536 mss.
694 2473 728 2536 in
756 2496 903 2539 museum
931 2474 1057 2558 regium
1081 2473 1268 2537 Parmense.
1318 2474 1369 2539 Ibi
1397 2491 1458 2536 cum

318 2580 440 2662 primus
470 2577 672 2644 Cnmunsvs
706 2579 882 2644 Mnmmvs
911 2579 1186 2662 transcripsisset,
1220 2580 1329 2645 edidit
1361 2583 1461 2644 tamen
1533 2583 1534 2586 ’

318 2685 440 2769 primus
470 2709 554 2751 anno
588 2688 670 2752 1788
699 2708 804 2750 comes
832 2687 987 2752 lonnnns
1018 2686 1202 2751 ltmnnnvs
1232 2684 1351 2752 Onam
1379 2686 1460 2750 Anti-

318 2793 476 2875 quitatum
505 2793 693 2860 Italicarum
721 2799 810 2859 tomo
835 2794 850 2857 1
875 2817 894 2858 a
917 2817 947 2877 p.
974 2795 1046 2861 135.
1093 2794 1197 2870 Quem
1226 2795 1363 2880 excepit
1385 2813 1463 2858 oaus-

317 2921 426 2964 sarum
441 2904 531 2966 actor
544 2900 752 2967 Placentinus
766 2903 939 2967 Iossruvs
955 2901 1112 2967 Poeorvs
1128 2902 1266 2987 vulgata
1284 2923 1375 2966 anno
1389 2898 1463 2964 1799

318 3006 435 3071 scheda
458 3009 615 3093 singulari
639 3033 736 3093 quam
764 3011 798 3074 in
822 3009 996 3074 Germania
1023 3009 1198 3074 nemodum
1228 3009 1357 3074 vidisse
1389 3006 1465 3072 vide·

317 3115 383 3176 tur:
412 3114 703 3197 eodemqueanno
731 3116 868 3183 Cosano
902 3116 1073 3180 translatio
1108 3115 1229 3199 prodiit
1266 3117 1304 3181 in
1335 3111 1464 3180 Secundi

318 3217 448 3302 Iosephi
471 3220 631 3286 Pittarelli
655 3224 693 3287 de
717 3225 828 3288 tabula
851 3223 1059 3288 alimentaria
1082 3223 1167 3287 libro
1188 3223 1368 3307 Augustae
1393 3223 1466 3285 Tau·

318 3325 460 3390 rinorum
487 3328 661 3412 publicato.
705 3330 860 3395 Paratum
891 3354 909 3394 a
939 3353 973 3394 se
1004 3331 1136 3394 tabulae
1160 3331 1354 3413 exemplum
1378 3333 1467 3414 atque

319 3432 382 3495 iam
410 3455 494 3500 anno
525 3437 609 3501 1786
641 3437 755 3502 formis
793 3460 980 3522 expressum
1007 3437 1183 3501 Mnluruvs
1214 3457 1305 3502 anno
1344 3437 1467 3500 demum

321 3541 406 3606 1795
429 3541 516 3606 foras
541 3543 628 3607 dedit
650 3545 684 3609 in
703 3544 795 3609 Actis
818 3544 1101 3629 monumentisque
1125 3544 1266 3607 fratrum
1289 3543 1472 3611 Arvalium,
1534 3569 1535 3578 ¹

317 3648 398 3711 tomi
420 3648 436 3711 1
459 3672 487 3732 p.
514 3651 575 3715 108
600 3673 677 3736 sqq,
700 3654 827 3718 adiecta
849 3654 932 3717 tomi
955 3650 988 3715 ΙΙ
1007 3674 1038 3735 p.
1057 3651 1130 3715 568.
1155 3651 1217 3714 571
1240 3672 1291 3734 sq.
1314 3651 1469 3736 siglorum
1534 3681 1535 3730 1

318 3755 517 3837 quorundam
551 3759 773 3842 explicatione.
829 3759 971 3825 Carlium
1008 3758 1116 3841 potius
1154 3779 1252 3841 quam
1293 3755 1471 3823 Matinium

319 3865 446 3926 secutus
484 3886 554 3928 cum
593 3867 792 3930 nostratibus
830 3868 1076 3930 monumentum
1121 3863 1303 3928 Parmense
1349 3864 1471 3948 primus

319 3967 504 4034 Gvsrnvvs
528 3971 631 4036 HvGO
660 3996 744 4037 anno
777 3974 859 4038 1797
891 3971 1141 4038 communicavit
1169 3969 1403 4055 Promptuarii
1428 3969 1473 4034 sui

319 4080 407 4139 tomo
431 4073 463 4138 ΙΙ
487 4097 506 4138 a
528 4099 558 4160 p.
582 4080 644 4142 431
671 4081 710 4144 ad
733 4081 808 4164 496,
832 4087 864 4144 et
888 4082 1053 4164 corrigens
1077 4077 1235 4163 quaedam
1253 4077 1407 4143 feliciter
1424 4075 1473 4140 vel

318 4181 435 4245 rectius
458 4181 674 4267 interpretans
698 4191 730 4250 et
754 4187 967 4251 saluberrimo
988 4186 1123 4250 consilio
1142 4186 1252 4251 omnia
1271 4189 1475 4251 convertens

318 4289 484 4353 vernacule
521 4296 553 4353 et
584 4291 688 4374 ipsam
722 4294 803 4377 legis
838 4293 1008 4357 materiam
1042 4295 1195 4357 accurato
1230 4293 1476 4360 commentario

318 4398 448 4480 planam
471 4394 592 4461 faciens
621 4404 653 4462 et
681 4401 725 4464 sic
749 4402 947 4485 generaliter
970 4398 1127 4464 definiens
1157 4397 1477 4478 ‘Procnes-Orciniana

314 4505 370 4585 fiir
388 4505 444 4568 dos
462 4503 659 4587 OisAlpisclaec
678 4507 823 4594 Gottieo',
842 4507 980 4591 singulis
1001 4508 1110 4569 autem
1130 4505 1302 4588 capitibus
1325 4507 1480 4571 rubricas
