3008 5118
329 273 394 337 312
558 290 605 336 ns
630 289 757 336 rrrvno
781 289 939 338 narsico
963 287 1246 340 nnussasrrsro.

329 437 514 498 constructa
537 437 671 497 inactum
694 438 929 515 coronatumque
955 434 1142 518 participis:
1170 437 1207 498 ut
1230 434 1293 498 alia
1314 434 1440 499 cendone

330 563 410 623 mus,
430 562 510 623 quae
528 540 773 624 pangendorum
793 562 943 606 versuum
958 540 1132 606 difficultas
1152 543 1295 606 extorsit.
1324 541 1440 606 Ceterum

327 648 453 729 penisus
471 649 579 712 dotatis
598 646 830 731 interpretatus
853 670 924 712 sum
943 647 984 712 ad
1004 648 1250 713 similitudinem
1268 649 1371 714 talium
1387 651 1441 712 titu-

329 756 434 820 lorum
450 754 579 838 qualem
594 754 726 818 memini
743 755 827 838 apud
844 754 1018 820 Gruterum
1033 755 1212 840 exstare*):
1235 754 1325 821 IOVl
1338 754 1442 818 [estro

330 857 479 926 DOMVS
510 860 544 924 Τ.
572 861 818 926 SEMPRONI
845 861 905 926 EX
936 860 1114 926 V·D·D:
1145 884 1187 926 ne
1218 861 1290 946 quis
1321 860 1393 924 forle
1417 861 1443 922 dc

330 969 444 1052 templi
468 967 527 1033 deo
551 968 684 1033 tutelari
707 966 824 1033 Libero
848 973 940 1052 patre
961 969 1093 1055 cogitet,
1117 969 1202 1052 quod
1221 968 1371 1052 templum
1386 965 1444 1030 Bcc-

330 1075 392 1139 cho
415 1074 561 1159 Parique
586 1098 710 1140 sacrum
736 1075 843 1140 fuerit.
889 1075 975 1141 Nam
999 1075 1084 1159 quod
1113 1097 1182 1141 cum
1205 1076 1337 1140 Pan-isco
1362 1075 1445 1138 adesse

331 1182 409 1246 deus
433 1181 571 1264 iubetur,
605 1204 683 1246 sane
706 1187 852 1265 spectare
876 1184 916 1248 sd
940 1184 1061 1267 ipsum,
1089 1183 1179 1247 cuius
1203 1183 1292 1246 basis
1314 1181 1446 1247 dedicaba-

288 1311 320 1351 vr
331 1291 393 1371 tur,
418 1288 626 1353 simulacrum
650 1290 787 1374 videtur,
812 1313 874 1374 quo
900 1313 972 1355 eum
995 1290 1132 1355 Panisco
1157 1290 1271 1354 ludens
1295 1290 1342 1368 rel
1364 1290 1445 1372 aliquo

316 1395 427 1460 ‘modo
461 1418 533 1460 eum
568 1396 719 1460 comitem
753 1398 875 1462 habens
908 1395 1056 1462 Bacchus
1093 1398 1331 1482 repraesentari
1360 1397 1446 1480 potuit.

331 1500 483 1567 Domiaos
511 1507 633 1586 autem,
666 1525 803 1588 quorum
831 1525 962 1568 munere
990 1509 1023 1569 et
1051 1505 1174 1568 honore
1203 1509 1317 1568 auctus
1338 1502 1445 1566 Roman

331 1609 434 1674 redire
458 1610 496 1674 ad
521 1611 691 1695 coniugem
720 1610 901 1694 liberosque
926 1610 1065 1675 Altinius
1093 1610 1183 1693 cupit
1206 1611 1358 1694 etcastris
1378 1608 1445 1672 Len·

332 1716 554 1800 baesensibus,
588 1739 670 1800 quae
700 1717 838 1801 legionis
867 1716 916 1781 111
940 1717 1109 1802 Augustae
1137 1717 1284 1801 fuerunt,
1313 1719 1361 1782 rix
1385 1732 1447 1779 rcere

332 1823 439 1887 credes
464 1825 559 1889 duces
584 1824 720 1888 bellicos
744 1824 805 1888 dici
830 1824 1030 1907 simpliciter,
1054 1824 1110 1888 sed
1127 1824 1345 1908 Imperatores
1366 1824 1447 1908 potio

332 1927 556 2015 Caesareoque,
580 1953 661 2014 quos
681 1931 813 1996 honoris
834 1953 947 1995 caussa
967 1931 1125 1995 salutatos
1145 1952 1216 1994 esse
1236 1931 1378 1994 dominos
1394 1951 1447 1992 cor·

332 2038 411 2118 stat,
441 2035 474 2098 in
497 2037 637 2119 publicis
661 2038 789 2120 quidem
819 2038 1035 2101 monumentis
1066 2060 1086 2100 a
1110 2023 1307 2103 Diocletiani
1334 2036 1448 2119 imperio.

331 2142 366 2206 in
389 2142 526 2225 privatis
551 2145 617 2209 iam
643 2143 683 2208 ab
699 2143 859 2206 Hadriani
882 2143 1094 2238 temporibus.
1127 2141 1227 2206 Velut
1251 2143 1279 2207 si
1294 2142 1447 2206 Antoninos

332 2249 367 2312 in
390 2252 497 2314 mente
525 2250 667 2314 habebat
691 2248 829 2313 Alfinius
858 2249 923 2333 (cui
951 2253 1061 2313 tamen
1090 2271 1131 2313 ne
1157 2249 1321 2333 posterius
1348 2248 1446 2332 quiden
1486 2317 1487 2324 ἵ

333 2378 446 2420 aevum
479 2353 687 2442 invidemus),
724 2377 783 2420 nec
815 2358 977 2420 servatam
1016 2379 1053 2420 ex
1091 2356 1288 2440 antiquitate
1320 2351 1447 2420 LEIBER

334 2463 525 2546 scripturam
548 2485 606 2526 nec
630 2461 770 2525 labentis
795 2461 915 2526 saeculi
938 2461 1093 2526 indicium
1111 2484 1127 2526 e
1144 2484 1203 2545 pro
1222 2483 1259 2526 oe
1280 2463 1410 2528 vocalem
1427 2461 1447 2521 in

332 2568 527 2634 russatus
550 2571 613 2635 erit
636 2592 692 2634 eur
715 2569 811 2633 nimis
835 2570 997 2636 miremur.
1036 2569 1099 2634 Sed
1117 2570 1151 2633 in
1170 2570 1300 2653 singula
1319 2570 1447 2655 inquiren

333 2677 488 2761 quoniam
511 2676 658 2760 privatae
682 2677 851 2762 angustiae
876 2681 908 2740 et
925 2677 1061 2761 penuria
1080 2677 1237 2744 librorum
1258 2681 1373 2760 vetent
1392 2673 1447 2738 satis

333 2806 418 2848 nunc
442 2785 611 2868 prolusum
636 2787 714 2850 esto.

424 3067 494 3132 Hoc
519 3069 684 3152 prooemio
710 3073 895 3133 enarratum
922 3070 1054 3134 titulum
1078 3068 1362 3133 Lambaesitanum
1386 3074 1446 3150 post·

335 3198 431 3259 quam
461 3176 564 3240 denuo
588 3176 655 3240 Leo
679 3177 835 3241 Renierus
867 3176 968 3239 edidit
995 3177 1029 3240 in
1053 3175 1279 3259 ‘inscriptions
1308 3173 1445 3240 ltomains

335 3279 373 3343 de
392 3279 558 3365 l'Alge‘rie'
582 3307 611 3348 n.
632 3285 703 3367 157,
727 3306 786 3348 nee
804 3284 925 3364 Alperio
948 3307 1006 3348 nec
1029 3284 1146 3347 scutulo
1169 3286 1300 3365 praeter
1322 3281 1445 3346 rationu

335 3410 433 3471 passa
447 3411 516 3452 esse
536 3391 705 3473 syniaesim
725 3390 926 3454 intellectum
946 3394 1003 3472 cst,
1019 3390 1075 3453 sed
1090 3387 1263 3454 ALFENO
1283 3393 1315 3454 et
1333 3379 1445 3452 setlle

335 3494 492 3578 scriptum
520 3496 554 3560 in
585 3497 656 3578 ipso
685 3496 800 3580 lapide.
846 3494 1007 3560 Carminis
1036 3497 1173 3560 versu3
1203 3491 1387 3560 BlMATVS
1405 3491 1443 3554 in·

335 3603 485 3685 prudenti
510 3602 718 3685 quadratario
743 3603 898 3667 excidisse
922 3626 980 3686 pro
1004 3601 1204 3667 BIMATER
1227 3602 1371 3668 Henzeno
1389 3597 1444 3660 durs

336 3714 421 3774 reete
445 3709 662 3774 Buechelerus
687 3709 841 3773 iudicavit
868 3711 901 3772 in
924 3708 1266 3774 Fleckeisen-Amal.
1289 3709 1442 3792 philtano

336 3814 490 3879 LXXVII
514 3813 556 3900 (a.
580 3815 677 3899 1858)
702 3839 731 3899 p.
752 3817 802 3880 63.
849 3817 883 3879 E
897 3816 1094 3898 praefatione
1115 3814 1258 3911 Dercetis.

426 4027 451 4094 *)
473 4025 633 4097 [Inscriptio
652 4045 685 4079 ex
704 4026 838 4080 momoria
856 4026 972 4080 laudata
986 4025 1096 4081 videtur
1115 4043 1174 4081 esse
1189 4021 1440 4082 maurianenses

338 4141 370 4159 =
390 4115 473 4169 Orcll.
492 4122 568 4182 1257,
589 4133 671 4184 quam
692 4115 813 4185 spuriam
833 4114 969 4168 iudicavit
987 4113 1132 4169 Henzonus
1150 4133 1177 4183 p.
1194 4121 1253 4169 128.
1290 4115 1316 4170 C.
1332 4110 1378 4180 W]
