2984 5122
112 415 153 464 ns
175 413 438 465 necessariores
463 415 609 478 stosn
634 415 763 464 nanim
789 413 1064 466 uscosmmonn.
1109 397 1170 463 461

50 559 163 643 quidam
184 582 248 624 nou
270 559 304 625 in
329 561 491 646 scriptura
512 565 655 646 tantum,
679 561 733 626 sed
758 561 792 626 in
815 561 888 645 ipsa
908 559 1023 645 lingua
1041 560 1174 624 mansit:

50 666 94 750 qui
115 669 161 731 est
181 668 349 752 genetivus
368 665 533 734 Corneli.
569 667 654 732 Hinc
679 669 765 734 enim
788 668 869 732 illud
891 665 1112 752 repetendum,
1135 665 1174 730 de

49 795 101 856 quo
122 773 226 858 magni
248 773 390 839 Bentleii
413 776 532 840 virtute
555 795 639 838 nunc
666 773 752 838 inter
780 795 891 838 omnes
914 775 1059 856 constat,
1089 772 1174 857 quod

47 879 306 946 substantivorum
330 882 365 946 iu
391 867 453 946 ius
486 884 519 946 et
542 865 622 945 ffim
645 879 861 946 desinentium
884 879 1069 964 genetivum
1094 879 1175 943 auti-

46 987 127 1068 quior
146 988 257 1074 lingua
275 1009 452 1072 numquam
471 988 578 1052 finivit
595 987 762 1072 geminate
784 988 822 1065 11,
838 987 901 1051 ‘sed
920 1008 984 1051 una
1003 984 1144 1070 simplici
1163 985 1175 1047 i

46 1093 144 1158 vocali.
183 1093 252 1160 Nec
276 1093 362 1159 enim
385 1093 604 1159 dubitabimus
628 1094 707 1178 quin
730 1092 770 1158 ad
794 1093 1048 1158 masculinorum
1069 1114 1175 1156 exem·

46 1197 121 1279 plum
143 1201 250 1285 prisca
272 1200 420 1266 latinitas
445 1201 542 1266 etiam
561 1204 679 1265 neutra
702 1201 749 1265 sio
767 1199 970 1265 formaverit:
994 1199 1173 1264 consilim

44 1305 220 1392 consili(s)
254 1295 396 1374 consili
429 1306 622 1374 consilim:
655 1307 720 1371 nisi
750 1306 835 1391 quod
863 1307 897 1372 in
924 1307 1116 1390 pronomine
1143 1327 1175 1368 m

44 1411 157 1476 litterae
179 1414 265 1478 vices
288 1417 312 1480 d
337 1416 461 1498 littera,
493 1418 530 1479 ut
557 1415 590 1478 in
618 1413 655 1478 id
684 1413 776 1498 quid
803 1413 901 1498 quod
930 1413 1029 1478 illud
1057 1412 1175 1495 istud,

43 1518 81 1581 ita
102 1517 133 1582 in
162 1520 241 1585 alid
270 1522 432 1586 sustinuit
483 1519 670 1604 Eademque
697 1520 795 1603 plane
822 1541 886 1604 qua
913 1521 988 1585 alis
1017 1519 1096 1584 alid
1124 1541 1175 1584 ra-

42 1624 118 1690 tione
139 1626 172 1690 is
195 1627 248 1710 id,
276 1627 363 1711 quis
393 1626 482 1711 quid
504 1631 675 1711 reguntur,
701 1627 780 1692 item
803 1631 841 1692 ut
863 1625 1040 1692 accusativi
1069 1626 1176 1711 alim,

42 1754 88 1796 em
109 1735 169 1815 im,
191 1755 316 1818 quem:
346 1734 505 1818 persimili
529 1733 627 1800 otiam
651 1734 721 1799 ille
745 1733 819 1819 (pro
843 1734 932 1798 illes
955 1738 992 1798 ut
1011 1731 1174 1800 Cornele

42 1859 90 1920 pro
112 1837 314 1928 Corneles)
338 1845 434 1926 atque
458 1840 572 1906 illud:
595 1841 680 1925 quod
703 1860 806 1926 genus
830 1862 925 1905 omne
943 1841 996 1905 hie
1015 1841 1175 1925 explicare

41 1945 161 2030 lougmm
180 1951 239 2011 est
259 1981 302 1992 —
322 1945 471 2012 Genetivi
494 1947 596 2033 igitur
619 1947 757 2032 speciem
776 1948 884 2032 illam,
906 1946 1075 2032 Corneli,
1098 1948 1174 2032 quid

41 2052 145 2118 mirum
168 2054 197 2119 si
221 2075 296 2118 cum
319 2053 505 2118 nominibus
528 2051 668 2138 propriis
700 2053 797 2118 stiam
826 2054 1058 2138 appellativum
1083 2075 1175 2118 vocs-

40 2159 138 2226 bulum
161 2161 239 2226 alis
263 2181 465 2226 communem
484 2159 622 2225 habuit?
651 2159 680 2224 A
700 2182 764 2244 qua
781 2161 887 2228 forms
906 2160 1174 2248 quemadmodum

39 2269 119 2332 vetus
146 2268 264 2354 lingua
290 2287 363 2332 oum
390 2265 424 2331 in
449 2266 665 2332 declinatione
694 2289 827 2334 casuum
855 2274 924 2334 tum
953 2268 988 2332 in
1015 2267 1174 2352 lingendis

39 2373 144 2438 aliter
180 2373 282 2438 alibi
319 2373 465 2458 aliquis
505 2373 656 2458 aliquot
697 2373 922 2458 aliquantus
964 2373 1174 2460 aliquando

38 2483 217 2564 compositis
243 2479 391 2565 profecta
413 2484 472 2565 est,
495 2479 543 2544 ita
565 2479 708 2545 indidem
731 2479 823 2545 duxit
845 2480 1003 2546 alimodi
1029 2479 1104 2566 (hoc
1126 2482 1175 2543 est
1192 2501 1215 2540 rs

38 2585 81 2648 ali
107 2585 226 2670 modi)
254 2590 339 2652 teste
361 2585 449 2650 Festi
478 2586 624 2671 epitoma
646 2609 677 2670 p.
695 2587 787 2668 28,2
815 2589 957 2670 positum
986 2609 1045 2670 pro
1074 2587 1174 2651 alins
1228 2581 1231 2586 ’

38 2693 126 2757 modi
158 2691 228 2778 (vel
257 2693 342 2778 quod
372 2691 485 2758 eodem
513 2693 597 2757 redit
628 2715 687 2777 pro
720 2693 789 2759 alii
823 2694 947 2782 modi).
1001 2692 1062 2774 [Cf.
1090 2692 1175 2756 iufra

38 2799 162 2881 plut]

415 3277 789 3348 AVOTARIVM.

115 3440 164 3508 De
193 3439 404 3524 Sallustio,
435 3461 529 3526 quem
558 3443 627 3525 p.9
656 3443 734 3523 [452
754 3445 814 3527 sq]
839 3441 992 3524 tractavi,
1019 3463 1071 3506 res
1104 3441 1176 3526 ipsu

40 3553 139 3612 monet
156 3555 196 3615 ut
209 3549 308 3614 mium
327 3568 462 3632 pergam
477 3547 709 3613 ratiocinando.
732 3547 764 3612 Is
779 3549 865 3612 enim
883 3570 955 3613 oum
975 3547 1056 3612 illud
1075 3569 1176 3632 genus

39 3651 177 3735 loquendi
197 3656 381 3740 frequentet
395 3651 480 3738 quod
494 3654 528 3718 in
543 3655 772 3738 componendis
788 3653 1056 3738 conectendisque
1076 3655 1175 3719 alius

39 3761 229 3839 pronominis
244 3760 359 3826 formis
370 3760 521 3844 cernitur,
532 3782 597 3844 qua
611 3760 742 3826 tandem
757 3761 853 3846 plano
869 3760 1026 3844 singulari
1040 3759 1176 3824 libidine

39 3885 94 3930 uno
117 3867 187 3932 solo
211 3866 245 3930 in
269 3867 342 3933 loeo
366 3867 442 3932 alis
464 3867 635 3932 admisisse
659 3865 814 3949 credetur,
837 3866 871 3930 in
890 3867 1005 3930 ceteris
1024 3867 1175 3930 omnibus

39 3974 118 4038 omni
139 3995 179 4038 ex
202 3975 296 4058 parto
320 3973 479 4038 similibus
499 3973 603 4038 eidem
621 3972 747 4038 formae
770 3972 893 4038 aditum
912 3973 1176 4039 constantissime

39 4079 264 4158 praeclusisse?
299 4079 334 4151 iu
358 4079 410 4146 his
439 4081 511 4146 dico
540 4101 621 4165 quae
654 4085 730 4146 sunt
761 4083 844 4146 alius
872 4082 972 4146 alitem
999 4079 1069 4146 cat.
1092 4081 1122 4164 6,
1145 4081 1175 4146 5.

39 4184 86 4266 43,
107 4185 136 4252 2.
162 4187 216 4269 52,
238 4187 291 4252 28.
321 4186 391 4271 lug.
414 4187 466 4270 53,
490 4188 521 4254 8.
550 4189 603 4271 66,
626 4187 656 4272 3,
687 4189 772 4254 ullus
793 4189 852 4252 ulii
875 4187 1016 4272 cauus,
1038 4189 1065 4272 1,
1092 4187 1176 4252 ullus

40 4291 92 4352 ulii
110 4291 260 4370 suduosis
288 4291 357 4359 Cat
376 4295 429 4377 22,
448 4295 478 4377 2,
514 4295 598 4359 alius
624 4295 688 4360 ulio
715 4316 798 4359 usuro
825 4293 895 4359 Cat.
914 4295 944 4378 6,
964 4295 994 4372 2,
1029 4295 1113 4359 ullus
1139 4295 1175 4358 ire

41 4395 97 4458 olio
118 4397 186 4484 lug.
205 4389 301 4484 60,1{
323 4401 408 4466 alius
430 4401 470 4466 ab
491 4401 558 4465 olio
575 4407 667 4484 porte.
689 4401 760 4486 lug.
777 4403 849 4485 101,
868 4403 897 4484 2,
920 4402 1004 4466 alius
1021 4402 1085 4466 alio
1104 4401 1174 4486 lug.

45 4503 89 4586 12,
106 4505 134 4568 2.
161 4506 213 4590 50,
231 4507 260 4570 5.
311 4506 351 4571 ln
378 4506 430 4572 his
463 4509 565 4592 igitur
591 4509 741 4592 quotiens
771 4508 844 4572 alis
877 4509 1023 4592 posuerit
1052 4512 1175 4576 nescio:
