2984 5122
108 402 147 448 nu
167 401 423 452 nuunmnmoun
447 401 593 464 qvuuuu
616 367 1044 451 uuumn'unoouurmons.
1089 379 1153 446 mr

113 545 238 612 Omnino
267 550 375 612 autem
402 547 623 613 vocativum
654 567 720 612 non
748 544 811 612 nisi
843 545 1030 632 imprudens
1060 543 1155 610 omisi

42 675 120 737 supra
135 675 163 738 p.
179 655 215 719 ll
231 655 309 736 [460
320 657 391 741 aql,
413 654 469 721 ubi
488 653 600 740 paullo
618 653 745 738 plenius
765 653 922 720 debebam
941 676 1007 720 rem
1026 674 1154 719 omnem

41 761 77 824 sic
96 763 265 848 complecti,
288 767 326 828 ut
348 785 365 828 e
388 767 496 828 vetere
520 762 734 828 declinatione
757 783 858 828 unum
881 783 991 826 casum
1015 760 1155 826 dicerem

39 869 65 930 in
84 869 145 934 sola
165 869 323 954 scriptura
345 870 507 954 haesisse,
536 869 772 936 nominativum
796 867 967 952 Corneli,
995 867 1076 933 duos
1099 889 1154 932 au-

39 977 90 1040 lem
109 998 167 1042 nou
190 976 223 1042 in
246 977 407 1062 scriptura
429 980 571 1062 tantum,
595 976 651 1040 sed
674 977 707 1040 iu
731 977 804 1060 ipsa
825 975 940 1060 lingua
962 975 1154 1060 perstitisse,

38 1082 79 1164 qui
107 1085 176 1146 sunt
205 1083 375 1167 genetivus
408 1081 565 1149 Corneli
598 1088 631 1148 et
663 1081 819 1149 Corneli
852 1083 1034 1148 vocativus:
1070 1083 1155 1148 iuter

38 1209 100 1269 quos
121 1187 177 1254 hoc
199 1193 325 1254 tautum
349 1189 545 1256 discriminis
569 1189 752 1274 intercedit,
781 1189 866 1275 qnod
889 1191 1074 1276 genetivum
1098 1213 1154 1276 po·

37 1299 105 1358 stcra
125 1296 235 1361 saltem
259 1301 349 1362 aetas
373 1295 549 1364 Cornelii
578 1299 750 1364 substituit
772 1319 885 1382 reapse
909 1321 929 1363 a
951 1296 1154 1364 Cornelius

36 1399 156 1486 ductum,
178 1403 361 1468 vocativum
385 1402 567 1470 Cornelis
594 1405 691 1489 longe
720 1427 797 1469 sane
826 1405 928 1490 prior,
965 1406 1022 1472 sed
1045 1411 1155 1472 tamen

34 1508 145 1574 inventa
159 1508 362 1576 Cornelius
386 1511 493 1577 forma
509 1511 680 1597 posterior,
703 1513 811 1596 coepit
824 1512 953 1597 quidem
969 1513 1155 1597 adsciscere,

33 1615 152 1696 perferre
173 1641 351 1706 numquam
374 1619 491 1706 potuit.
526 1617 572 1684 Et
589 1617 749 1684 Prisciani
772 1618 903 1704 quidem
916 1617 981 1683 VH
1000 1641 1030 1703 p.
1042 1620 1105 1684 739
1120 1620 1155 1686 Ρ.

32 1721 91 1808 301,
107 1725 147 1791 20
163 1725 203 1792 H.
227 1727 375 1813 exempla
400 1727 528 1810 Virgilio
550 1725 704 1792 Mmcuric
731 1725 826 1790 facile
854 1729 991 1810 apparet
1016 1724 1058 1790 ab
1082 1727 1154 1810 ipso

32 1827 92 1895 ficta
112 1854 191 1900 esse:
222 1836 279 1901 sed
302 1833 387 1920 quod
410 1857 440 1919 p.
461 1835 522 1898 741
545 1831 580 1898 Ρ.
608 1833 682 1918 305,
702 1835 721 1899 8
745 1833 786 1898 R
809 1855 827 1898 e
851 1832 945 1899 Livio
968 1831 1154 1901 Andronico

32 1939 146 2025 profert,
172 1941 277 2027 filie,
306 1940 511 2007 dubitatione
534 1943 636 2004 vacat
682 1939 796 2024 Itaque
819 1940 874 2025 qui
898 1962 963 2005 uon
987 1941 1083 2007 altius
1107 1965 1155 2008 re-

30 2047 119 2124 petere
141 2069 271 2114 caussas
295 2047 426 2133 linguae
455 2047 598 2112 animum
625 2046 842 2130 induxissent,
874 2069 940 2113 uon
963 2053 1013 2113 est
1036 2050 1153 2114 mirum

31 2150 67 2214 sic
89 2157 234 2222 statuisse
260 2159 297 2220 ut
325 2159 358 2220 ct
385 2155 571 2240 genetivum
600 2157 633 2219 ct
660 2154 845 2219 vocativum
873 2153 935 2220 fili
967 2156 1018 2221 vel
1043 2155 1154 2222 clodi

30 2263 210 2328 contractum
239 2285 280 2330 ex
309 2262 545 2347 antiquioribus
574 2261 697 2327 scilicet
724 2261 837 2326 formis
865 2261 1045 2346 trisyllabis
1073 2263 1156 2328 dice

30 2369 94 2430 rent
135 2369 273 2436 Prorsus
303 2369 561 2435 contrafactum
589 2392 659 2435 esse
687 2371 787 2435 etiam
819 2368 947 2434 aliunde
971 2371 1154 2456 conligitur.

29 2471 96 2546 Quid
118 2481 165 2544 est
188 2478 277 2544 euim
301 2499 367 2564 cur,
395 2500 476 2563 quae
504 2479 538 2543 iu
562 2479 774 2544 substantivis
803 2477 911 2542 sedem
940 2479 1154 2545 certissimam

29 2573 122 2668 lubet,
149 2584 263 2650 cadem
288 2590 321 2649 et
343 2586 484 2670 genetivi
508 2589 542 2650 et
564 2587 704 2652 vocativi
728 2585 904 2651 declinatio
927 2586 1155 2670 monosyllaba

28 2696 150 2756 nonest
176 2693 259 2757 item
292 2691 332 2756 ad
365 2690 527 2757 adiectiva
558 2692 741 2757 translata?
778 2690 826 2776 (in
854 2713 991 2776 quorum
1020 2714 1154 2759 numero

29 2795 133 2874 pridem
155 2801 364 2885 perspectum
392 2803 443 2863 est
469 2799 568 2864 etiam
591 2799 716 2864 Laertio
741 2796 927 2863 habendum
956 2819 1041 2882 esse,
1069 2798 1154 2884 quod

28 2896 189 2971 Priscianus
213 2929 246 2991 p.
264 2907 327 2971 739
347 2906 588 2972 substantivum
607 2929 676 2970 esse
696 2901 933 2992 argutabatur.)
961 2904 1068 2988 Viam,
1089 2907 1154 2972 nisi

27 3005 98 3074 lallit
114 3013 231 3097 opinio,
251 3013 311 3078 illa
329 3017 513 3079 monstrant
532 3036 614 3100 quae
634 3035 731 3098 supra
748 3013 981 3098 componebam
995 3013 1030 3078 in
1049 2997 1154 3079 iar—ius

28 3115 68 3179 vel
87 3101 160 3184 ὦ
183 3121 377 3186 desinentia
409 3119 447 3186 In
469 3119 522 3186 his
546 3120 697 3186 omuibus
720 3119 861 3184 vidimus
884 3119 1095 3204 antiquiores,
1117 3123 1155 3185 nt

27 3243 95 3288 nunc
115 3249 165 3293 res
188 3233 254 3312 est,
283 3233 433 3294 auctores
455 3227 575 3293 habere
599 3227 721 3293 formas
744 3227 923 3313 longiores,
952 3227 1155 3293 brevioribus

28 3328 190 3400 adsuevisse
214 3335 423 3402 recentiores.
462 3335 552 3420 Ergo
576 3339 633 3401 aut
650 3335 784 3401 omniuo
803 3337 895 3400 vetus
918 3333 1034 3420 lingua
1052 3335 1156 3400 caruit

27 3433 225 3528 brevioribus,
251 3446 321 3528 aut,
345 3443 432 3528 quod
454 3465 550 3510 nemo
574 3444 637 3509 erit
655 3445 733 3528 quin
757 3443 970 3528 amplectatur
992 3443 1155 3526 libentius,

27 3541 128 3614 inillis
146 3551 316 3619 vocabulis
335 3551 402 3616 iam
422 3549 585 3616 desierant
602 3551 768 3616 breviores
788 3571 827 3614 ca
840 3553 948 3614 aetate
962 3571 1025 3634 qua
1044 3549 1155 3613 etiam·

27 3653 83 3718 lum
108 3657 264 3744 vigebant
291 3659 324 3722 in
352 3659 435 3724 aliis.
481 3657 574 3736 Quod
602 3659 660 3724 ubi
687 3657 728 3724 ad
755 3657 896 3724 finitima
924 3655 956 3720 b.
980 3677 1006 3720 e.
1034 3655 1074 3719 ad
1102 3655 1155 3720 ad-

27 3753 196 3831 iecuvorum
221 3787 324 3853 genus
348 3789 444 3832 omne
467 3766 688 3850 transtuleris,
715 3766 803 3831 baud
831 3765 897 3830 scio
926 3785 967 3826 an
996 3766 1029 3826 et
1057 3761 1154 3845 origi·

27 3883 91 3932 num
112 3875 143 3935 et
164 3873 386 3938 mutationum
408 3873 492 3938 banc
515 3873 623 3938 auimo
645 3872 822 3956 imaginem
852 3871 1027 3936 informare
1051 3867 1155 3932 liceat.

27 3967 89 4038 Fuit
109 3977 281 4064 aliqnando
306 3985 396 4046 aetas
420 3981 540 4066 quain
567 3964 602 4046 ἦ
626 3978 690 4066 (vel
710 3965 755 4044 es
783 3978 906 4064 potius)
935 3975 1059 4042 exirent
1081 3997 1154 4040 cum

29 4079 217 4156 schalmum
235 4092 306 4152 tum
325 4087 484 4153 adiectiva
499 4087 622 4154 omnia:
646 4084 834 4151 Ooruelcs
857 4085 949 4151 siles
973 4083 1154 4168 uolgarejs

29 4203 181 4286 egregae.
226 4191 408 4259 Subsecuta
430 4199 480 4260 est
503 4195 606 4260 altera
634 4198 738 4273 aetas,
771 4215 835 4277 qua
862 4191 1015 4277 progredi
1042 4189 1155 4274 lingua

29 4283 138 4407 adius
165 4283 224 4364 iic-s
253 4301 517 4368 terminationem
546 4302 666 4388 coepit,
699 4305 732 4366 et
759 4299 807 4366 ita
829 4299 959 4384 quidem
989 4298 1096 4382 coepit
1119 4301 1156 4363 ut
1169 4321 1196 4359 rc

29 4399 142 4470 mitium
164 4406 205 4470 ab
229 4405 397 4474 adiectivis
425 4414 554 4493 caperet
581 4431 663 4495 quae
691 4409 789 4475 vellet
811 4431 831 4473 a
854 4405 1068 4472 substantivis
1091 4406 1154 4472 dis-

30 4523 155 4578 cernere:
187 4535 252 4600 quo
283 4515 390 4582 evenit
421 4519 458 4580 ut
491 4515 586 4581 simul
620 4514 798 4582 Cornelis
836 4515 921 4580 filis
953 4514 1155 4601 uolgarios

886 4618 943 4678 80*
