3008 5118
543 1261 665 1346 XIII.

185 1441 237 1526 De
265 1439 370 1524 idom
401 1441 526 1524 isdem
552 1443 799 1548 pronominis
826 1441 1017 1548 formis.*)

547 1672 652 1680 ——-

122 1825 210 1902 Quod
240 1851 306 1894 non
339 1829 510 1915 indignum
542 1853 613 1900 sese
645 1831 804 1895 maximus
832 1829 1052 1895 Romanorum
1083 1825 1174 1913 (pace
1190 1845 1226 1885 111

49 1936 206 1998 ceterorum
231 1934 356 2000 dictum
379 1934 545 2022 volumus)
569 1935 603 2002 O.
625 1935 750 2000 Iulius
774 1933 917 2000 Caesar
939 1935 1045 2018 duxit,
1068 1934 1174 2020 apices

48 2041 206 2124 scripturae
234 2041 349 2107 rimari
377 2047 410 2107 et
436 2042 702 2108 declinandorum
730 2042 959 2109 vocabulorum
983 2042 1174 2107 varietatem

48 2149 181 2232 sorumri,
202 2151 236 2214 id
256 2151 410 2234 quoniam
433 2150 536 2215 multo
556 2151 661 2214 minus
681 2149 890 2215 inhonestum
909 2149 1004 2215 nobis
1024 2153 1082 2232 est,
1105 2147 1173 2233 qui·

48 2253 95 2318 bus
113 2260 143 2320 et
159 2259 314 2342 aquibus
330 2257 638 2337 haecnporperrrrxd
655 2257 792 2324 eduntur
810 2261 843 2321 et
862 2256 902 2320 ad
922 2261 1105 2322 accuratam
1124 2256 1174 2320 lit

48 2365 171 2428 terarum
189 2366 420 2430 tractationem
444 2365 666 2447 invitamenta,
688 2387 754 2429 non
778 2363 920 2428 alienum
944 2365 985 2430 ab
1009 2384 1047 2427 eo
1068 2363 1174 2428 officio

48 2471 211 2548 putarimus
228 2472 464 2556 grammaticas
479 2471 741 2556 quaestiunculas
756 2475 921 2556 pertexere
940 2471 972 2536 in
987 2470 1103 2554 quibus
1118 2469 1175 2534 ali·

47 2576 178 2658 quotiens
192 2577 315 2643 versati
330 2599 449 2644 sumus.
477 2577 516 2642 In
530 2599 593 2663 quo
608 2599 723 2664 genere
738 2599 811 2642 oum
827 2579 891 2642 alia
905 2578 1009 2642 multa
1022 2577 1077 2641 ille
1096 2577 1176 2660 ipse,

47 2683 161 2748 aonios
182 2684 365 2750 honorifica
387 2684 551 2750 mentione
575 2685 679 2750 exorsi
704 2708 829 2768 snmus,
856 2685 940 2748 scitu
963 2683 1062 2768 digna
1085 2703 1175 2767 prae

46 2790 117 2872 oepit
138 2792 183 2856 eis
206 2793 303 2857 libris
327 2813 408 2877 quos
432 2791 471 2856 de
495 2792 647 2878 analogia
671 2791 717 2856 ‘in
741 2791 882 2856 transitu
904 2789 1050 2874 Alpium'
1079 2789 1176 2854 ‘scru-

47 2896 268 2976 pulosissimus'
293 2899 433 2984 scripsit,
457 2903 527 2963 tum
550 2898 589 2962 de
613 2898 712 2964 idem
736 2897 937 2984 pronominis
961 2896 1175 2962 declinatione

46 3001 152 3089 aliquid
174 3007 330 3091 prodidit,
353 3007 439 3092 quod
462 3007 558 3091 quale
582 3005 708 3072 sitnon
728 3006 809 3070 satis
827 3006 960 3089 planum
980 3005 1018 3069 fit
1034 3001 1175 3068 Charisii

46 3129 69 3190 p.
86 3111 122 3176 86
144 3112 205 3178 hoc
232 3114 437 3180 testimonio:
469 3115 502 3180 is
528 3113 616 3180 horno
643 3116 736 3178 idem
768 3114 966 3196 compositum
991 3112 1077 3194 facit.
1113 3112 1177 3176 uisi

45 3219 242 3296 precessor
266 3223 344 3287 latro
365 3223 494 3288 secundo
517 3223 717 3305 singulariter
739 3222 845 3300 idem,
867 3221 1034 3304 plaroldor
1063 3219 1176 3284 isdem

46 3323 189 3393 dt'cendam
215 3331 388 3412 constristat.
432 3329 485 3394 sed
511 3329 691 3394 coenando
722 3328 777 3393 too
807 3349 870 3392 non
902 3331 1013 3393 ararat
1058 3325 1097 3390 In
1124 3325 1176 3390 his

47 3433 118 3498 enim
140 3437 247 3502 verbis
272 3436 349 3522 quid
367 3437 432 3502 nasi
448 3437 524 3518 quia
545 3434 725 3519 particulae
749 3435 812 3500 sibi
835 3434 937 3500 velint
960 3455 1093 3518 prorsus
1110 3455 1176 3498 non

46 3541 232 3628 perspicitur,
261 3543 290 3608 si
312 3541 395 3608 nihil
419 3541 506 3607 aliud
531 3539 651 3607 Caesar
678 3541 788 3608 docuit
815 3541 878 3606 nisi
902 3541 988 3626 quod
1011 3540 1176 3606 communi

47 3665 95 3710 usu
115 3655 279 3736 receptum
307 3649 377 3734 ipse
405 3649 574 3733 praemisit
601 3649 847 3734 grammaticus,
879 3648 1076 3733 singularem
1106 3647 1177 3710 fieri

46 3747 138 3818 idem.
184 3757 252 3822 Aut
284 3755 385 3841 igitur
413 3755 512 3820 aliam
545 3755 701 3840 singulari
734 3755 873 3819 formam
902 3751 1021 3818 Caesar
1052 3753 1178 3836 tribuit,

47 3861 93 3920 aut
113 3860 198 3926 aliud
222 3863 348 3928 dixeram
369 3865 444 3928 ante
464 3859 639 3928 Charisius.
678 3862 723 3927 Et
746 3861 830 3926 hanc
854 3861 982 3946 quidem
1006 3859 1092 3924 viam
1116 3879 1176 3923 nos

47 3983 136 4048 nuper
170 3968 311 4054 ingressi
349 3968 382 4034 in
417 3967 558 4034 Menum.
592 3967 693 4054 epigr.
726 3967 830 4033 tribus
863 3989 893 4052 p.
920 3967 959 4031 19
984 3989 1031 4051 sq.
1061 3969 1177 4050 [supra

48 4073 207 4161 p.138sq.]
222 4097 290 4143 non
303 4075 503 4162 singularem
517 4077 655 4160 tantum,
670 4073 726 4140 sed
741 4073 898 4160 pluralem
914 4094 1039 4158 quoque
1059 4073 1099 4136 ab
1119 4071 1176 4137 illo

123 4249 147 4318 ⁸)
166 4252 355 4324 [Prooemium
379 4251 481 4306 Indicis
505 4251 663 4306 scholarum
687 4249 866 4304 hibernarum
885 4247 1072 4304 Bonnensium
1091 4265 1175 4304 anno·

49 4351 99 4390 rum
108 4337 314 4396 crolocccnv
324 4343 354 4398 et
363 4341 437 4408 LVI,
455 4341 557 4396 iterum
570 4339 600 4395 in
614 4339 759 4409 publicum
773 4335 904 4391 emissum
918 4337 1177 4392 in‘Prooemiorum

50 4421 221 4484 Bonnensinm
240 4429 355 4486 daoade’
377 4448 403 4484 n.
424 4428 461 4484 lV
480 4447 543 4484 cnm
562 4427 688 4484 auctario
708 4426 738 4481 in
756 4425 943 4496 praelationes
971 4425 1005 4480 ol.
1026 4443 1097 4496 quae
1117 4425 1175 4480 Itit·

52 4511 157 4573 schelius
173 4517 242 4573 Mus.
258 4519 343 4575 [then.
364 4521 383 4576 t.
399 4518 463 4574 XIV
482 4537 508 4590 p.
529 4522 581 4573 380
600 4517 663 4597 adn.
683 4515 765 4585 (inira
783 4533 810 4570 n.
825 4513 900 4586 XIV)
919 4513 1037 4570 addidit.
1075 4514 1103 4570 C.
1119 4515 1175 4584 W.]
