2984 5122
336 332 402 394 430
492 351 528 394 111
553 351 666 398 nuous
690 309 879 398 1111111111
904 352 1089 399 aurosus
1114 352 1309 400 cossurus

336 512 456 554 anuum
481 492 545 555 683
570 492 650 557 lata:
676 517 758 576 quae
782 495 809 557 si
833 495 872 557 ad
897 495 1101 578 disciplinam
1121 495 1280 579 publicam
1297 494 1433 557 urbisuui·
1471 532 1472 620 ,

336 619 461 660 versam
486 601 681 681 spectaverit
704 599 802 684 (‘einc
827 600 1019 684 allgemeine
1046 601 1317 686 hauptstiidtische
1337 600 1435 663 Polizei·
1471 623 1472 660 l

335 703 518 788 ordnung'),
546 728 611 770 non
636 728 732 790 aegre
757 708 903 791 intellegi
932 709 987 791 qui
1011 713 1044 771 et
1067 708 1105 772 de
1129 709 1286 773 libertinis
1308 707 1436 791 ‘ingenuo-

334 831 405 874 rum
429 811 567 876 honores
593 818 625 876 et
649 814 823 898 dignitates
849 813 1133 898 attemptantibus'
1154 819 1186 879 et
1204 815 1243 880 de
1261 837 1330 879 cura
1346 816 1437 877 viaruu
1471 835 1472 838 ¹

334 919 510 1000 praescribi
540 919 648 983 eadem
685 921 757 1004 lcgc
787 922 938 1005 potuerit.
988 922 1025 985 ld
1054 925 1210 1005 quantum
1238 921 1438 1004 probabilitatis

334 1024 383 1087 vel
407 1024 527 1088 habeat
550 1026 600 1088 vel
625 1048 690 1090 non
718 1027 851 1109 habeat,
879 1028 1020 1091 viderint
1048 1050 1146 1111 penes
1175 1050 1255 1111 quos
1282 1035 1328 1090 est
1351 1026 1379 1090 in
1401 1027 1440 1086 lul

334 1153 448 1194 caussa
472 1133 638 1214 iudicium,
662 1134 887 1199 iureconsulti:
911 1135 1005 1198 nobis
1030 1135 1171 1198 fatemur
1194 1135 1242 1198 ita
1261 1149 1441 1216 comparatur
1472 1199 1473 1220 ,

334 1237 435 1301 videri
459 1243 508 1322 ut,
532 1262 726 1322 quamquam
750 1241 817 1304 ficri
840 1264 905 1305 non
929 1242 1073 1324 potuisse
1097 1242 1311 1306 demonstrari
1331 1245 1444 1323 nequeat,
1472 1225 1473 1306 1

299 1430 303 1439 Ι
334 1347 444 1408 tamen
468 1345 688 1429 simplicitatis
713 1347 1023 1412 commendationem
1048 1348 1102 1411 vix
1125 1347 1264 1428 habeat„

364 1479 366 1482 ·
422 1451 542 1517 Verum
571 1455 609 1516 de
637 1454 699 1518 hoc
727 1477 928 1538 quocumque
957 1453 1052 1518 modo
1082 1452 1332 1535 existimabitur,
1361 1453 1444 1515 salten

332 1558 454 1622 1111111111
487 1567 669 1625 curatorem
702 1561 736 1624 in
764 1560 871 1644 lapide
900 1559 1062 1624 'l'olosano
1096 1559 1229 1623 omnino
1262 1559 1377 1622 nullum
1400 1582 1444 1620 un-

333 1686 428 1746 quam
452 1665 552 1728 fuisse
581 1668 660 1729 satis
689 1689 749 1731 nos
774 1667 1050 1731 demonstraturos
1081 1665 1284 1730 confidimus.
1328 1667 1447 1741 Quamvis

333 1771 418 1835 enim
443 1772 482 1836 de
506 1795 544 1835 ea
564 1773 716 1856 lectione,
746 1796 827 1856 quac
852 1778 901 1836 cst
926 1772 1012 1838 CVR
1027 1770 1166 1854 1VIAR,
1198 1772 1288 1836 inter
1309 1771 1447 1835 Mariniun

332 1881 365 1940 et
384 1877 578 1961 Dumegium
603 1880 784 1963 conveniat,
808 1885 917 1943 tamen
940 1882 1038 1964 longe
1062 1879 1150 1944 aliud
1172 1883 1293 1962 ectypa
1311 1879 1368 1942 duo
1385 1877 1449 1940 ehar-

333 1987 424 2047 tacea
446 1985 548 2067 ipsius
572 1985 689 2068 lapidis
714 1986 900 2069 docuerunt,
923 2009 1004 2069 quae
1026 1985 1246 2049 intercedente
1266 1984 1449 2050 eruditissima

333 2091 436 2153 amica
465 2090 611 2155 Parisino
645 2092 855 2158 Hortensia
888 2092 1011 2158 Cornu
1043 2098 1177 2177 rogatus
1212 2115 1233 2156 a
1263 2092 1381 2156 Leone
1403 2089 1449 2152 lle·

332 2197 438 2260 uiero
463 2197 645 2262 academiae
666 2198 849 2264 'tolosanae
873 2200 1037 2283 professor
1059 2198 1179 2280 Barry
1202 2199 1280 2280 pari
1298 2196 1450 2281 diligentia·

331 2304 449 2386 peritia
474 2327 492 2367 a
517 2328 550 2368 se
573 2312 689 2387 parata
711 2307 815 2387 misit,
841 2329 941 2389 eoque
965 2310 998 2369 et
1021 2305 1198 2370 officiosius
1225 2311 1374 2389 etprope
1390 2304 1450 2364 dire

331 2411 393 2473 rim
429 2412 632 2476 ambitiosius
665 2416 795 2494 parata,
829 2411 914 2494 quod
946 2412 1031 2474 huuc
1067 2410 1208 2493 lapidem
1244 2412 1310 2474 nisi
1342 2410 1452 2475 fallimur

331 2539 429 2580 unum
459 2518 561 2582 solum
584 2518 680 2581 hodie
709 2518 936 2602 Franccgallia
964 2523 1073 2582 servat
1103 2517 1235 2582 saeculo
1261 2541 1291 2582 u.
1316 2541 1340 2582 c.
1366 2525 1451 2580 ocluro

331 2624 556 2708 antiquiorem.
595 2623 689 2687 Vnde
714 2625 798 2707 quod
822 2624 1065 2707 exprimendum
1090 2625 1278 2688 curavimus
1303 2627 1336 2689 in
1358 2625 1453 2687 adiecta

331 2731 404 2795 huic
428 2732 695 2796 commentariolo
726 2733 838 2795 tabula
861 2731 1043 2814 exemplum
1070 2730 1336 2814 lithographum,
1365 2731 1454 2813 pluras·

331 2839 412 2903 sime
441 2839 582 2902 ostendit
610 2839 688 2904 duas
717 2838 755 2902 dc
779 2838 885 2921 lapide
915 2837 1105 2920 particulas,
1137 2858 1220 2918 quae
1249 2839 1338 2901 circa
1362 2855 1452 2898 annun

334 2947 416 3010 1829
451 2947 640 3028 superstites
673 2945 776 3028 fuere,
809 2966 893 3008 nunc
926 2944 1053 3008 avulsas
1082 2963 1164 3006 esse:
1198 2943 1341 3008 alterurn
1370 2959 1453 3003 uersu·

331 3053 476 3134 secundi,
504 3053 640 3116 alteram
665 3074 814 3117 versuum
838 3051 937 3114 trium
962 3050 1013 3112 vel
1036 3050 1146 3133 potius
1171 3055 1332 3133 quattuor
1353 3049 1454 3112 ultim»

331 3181 401 3221 rum
426 3158 578 3222 mediam:
609 3165 722 3223 contra
751 3160 784 3221 in
809 3158 865 3221 illa
890 3157 1013 3239 aliquid
1037 3162 1163 3220 exstare
1188 3178 1207 3218 a
1232 3155 1390 3240 Dumegio
1408 3171 1453 3216 uva

331 3265 435 3326 minus
459 3267 642 3348 neglectum
666 3288 762 3347 quam
783 3287 802 3327 a
821 3263 969 3327 lllarinio
1003 3262 1091 3338 Quae
1115 3262 1200 3326 enim
1224 3263 1340 3327 littera
1363 3257 1452 3338 erup

330 3369 434 3434 cvn-
459 3371 598 3454 litteras,
631 3395 702 3435 eam
731 3376 818 3434 certo
848 3374 984 3455 apparet
1011 3369 1100 3434 uullo
1132 3369 1229 3434 modo
1256 3368 1287 3432 V
1312 3391 1390 3448 esse,
1416 3360 1453 3426 sul

330 3480 386 3540 aut
414 3477 461 3558 ll,
491 3483 547 3540 aut
576 3479 660 3562 quod
689 3501 800 3542 omnes
828 3500 979 3541 numeros
1013 3476 1260 3560 probabilitatis
1295 3476 1398 3542 habet.
1425 3473 1453 3531 l·

330 3585 457 3666 quaudo
485 3606 542 3646 nee
571 3589 637 3646 tarn
666 3584 836 3648 divaricati
861 3605 931 3647 esse
956 3582 988 3645 M
1018 3582 1147 3646 litterae
1180 3582 1282 3666 pedes
1317 3583 1407 3647 solent
1432 3593 1451 3629 a

329 3696 532 3755 transversae
555 3692 737 3754 trabeculae
769 3691 849 3754 adeo
879 3690 993 3753 umbra
1017 3689 1176 3771 quaedam
1200 3710 1369 3771 superesse
1391 3681 1451 3746 111ι

329 3802 390 3861 tur.
438 3797 559 3872 Quodsi
588 3797 628 3860 ab
653 3799 681 3860 A
710 3797 899 3879 incipientia
928 3796 1086 3861 vocabula
1114 3796 1390 3879 circumspexeris,
1417 3789 1450 3848 ri!

329 3909 408 3985 puto
434 3903 520 3968 aliud
546 3905 629 3987 quod
654 3904 717 3967 huc
736 3903 871 3986 quadret
891 3908 1019 3987 praeter
1036 3903 1190 3978 AQVAR
1207 3903 1365 3985 reperies:
1385 3896 1450 3960 1111-

330 4012 416 4074 vocis
440 4013 551 4074 littera
575 4013 676 4074 altera
700 4013 726 4086 (1
756 4012 784 4074 si
813 4011 876 4073 iam
901 4010 1032 4074 Marinii
1061 4014 1169 4073 aetate
1193 4031 1210 4072 c
1235 4009 1343 4072 fracto
1364 4005 1401 4067 ibi
1420 4001 1441 4062 la

329 4118 402 4200 pide
427 4119 545 4182 extrita
569 4125 652 4201 erat,
685 4119 753 4181 fieri
784 4117 935 4181 facillime
964 4118 1071 4200 potuit
1100 4121 1136 4180 ut
1163 4115 1217 4179 ille
1243 4115 1319 4198 ipsa
1341 4111 1368 4177 A
1388 4110 1440 4172 inu

330 4225 413 4288 riosc
441 4227 669 4307 praetermissa
697 4225 860 4308 proximas
884 4222 976 4287 VAR
1004 4225 1143 4306 litteras,
1171 4244 1255 4306 quae
1282 4213 1442 4305 quidsuis

329 4330 439 4414 tellegi
459 4355 523 4396 uon
542 4335 688 4415 possent,
713 4330 846 4394 calidius
866 4329 975 4394 VlAlt
994 4330 1274 4414 interpretaretur.
1309 4323 1371 4388 Nec
1388 4321 1444 4385 cub

330 4436 396 4498 siue
431 4438 537 4520 aliqua
565 4439 686 4500 incuria
715 4438 934 4500 examinatum
966 4437 1262 4520 transcriptumquc
1293 4458 1311 4497 u
1339 4424 1434 4492 llariui
