2984 5122
100 396 142 444 us
164 395 423 444 necurnsrrorra
447 395 592 456 stnsn
615 395 748 442 armas
770 393 1043 443 oeconomicam.
1093 379 1159 444 453

37 545 76 604 cst
102 561 204 604 eornm
236 559 319 624 quae
352 537 462 622 paullo
491 541 568 602 ante
596 533 769 602 Sallustius
802 537 977 620 scripserat
1009 558 1078 628 cap.
1102 537 1158 604 6οε

34 647 161 712 cohortem
176 646 368 728 praetoriam
390 647 425 710 ia
447 645 561 710 medios
583 643 678 710 bostis
700 645 819 710 inducit
839 665 945 728 eosque
965 643 1158 728 perturbatos

33 759 106 834 ulpio
125 754 218 818 ulios
239 751 337 817 olibi
357 753 570 818 resistentis
594 753 745 834 interficit,
769 773 870 838 equo
888 752 959 836 ipsc
981 752 1053 817 luco
1071 750 1157 816 hand

33 861 87 926 scio
108 883 146 926 au
168 859 378 943 interpolatio
403 859 460 924 illa
482 861 673 924 manaverit.
719 858 782 942 [cf.
805 858 891 923 iufra
913 881 944 942 p.
963 859 1052 940 ecl]

103 966 167 1032 Nec
189 969 300 1030 tamen
324 964 528 1050 antiquitatis
553 965 661 1032 studio
685 962 884 1032 Sallustiana
908 965 1005 1030 huius
1034 985 1067 1030 se
1091 965 1155 1030 fur-

32 1095 88 1136 uae
108 1095 180 1138 usus
203 1071 380 1155 continuit,
411 1070 467 1136 sed
491 1093 549 1156 per
572 1073 736 1137 saeculum
761 1072 935 1156 septimum
958 1074 1064 1136 totum
1087 1093 1156 1154 par·

31 1179 119 1243 tinuit.
162 1179 262 1245 Cuius
290 1179 338 1244 rei
366 1179 506 1263 primum
534 1177 706 1262 insigniori
735 1178 929 1242 documento
957 1177 1072 1242 titulus
1100 1176 1156 1242 ille
1172 1207 1197 1244 ιιι

31 1285 176 1352 Foriensis
200 1289 251 1352 ast
274 1285 299 1350 Ι.
322 1284 360 1351 R.
384 1285 424 1350 N.
449 1285 532 1350 6011
555 1285 668 1370 (Orell.
684 1285 771 1350 2488
793 1283 841 1366 [O.
864 1283 889 1349 Ι.
913 1282 947 1350 L.
971 1283 987 1348 1
1011 1305 1043 1350 n.
1061 1281 1156 1370 603])

29 1413 82 1456 uon
107 1393 208 1460 miuus
236 1393 363 1460 celeber
391 1414 489 1477 quam
520 1393 669 1458 turbatus
702 1391 975 1476 depravatnsqne,
1012 1388 1066 1474 qui
1095 1389 1156 1454 etsi

30 1513 130 1566 anunm
152 1527 180 1566 u.
198 1523 224 1566 c.
244 1501 311 1566 696
335 1523 411 1584 prae
436 1521 469 1564 se
492 1499 566 1584 fert,
589 1503 700 1562 tamen
724 1520 796 1564 meo
820 1519 916 1562 seusu
935 1495 1078 1562 dubitari
1100 1516 1156 1560 ne·

31 1607 90 1690 quit
112 1607 186 1692 quin
213 1609 313 1694 lunga
342 1607 504 1692 antiquius
533 1606 716 1690 exemplum
740 1605 886 1690 aliquod,
918 1605 1039 1670 factum
1070 1605 1156 1670 eirca

30 1711 150 1778 medinm
177 1714 342 1780 saeculnm
376 1713 469 1798 illud,
497 1711 657 1776 imitetur:
689 1710 746 1776 nbi
775 1710 860 1794 qnod
884 1733 912 1776 v.
934 1712 975 1776 10
998 1711 1154 1794 scriptum

30 1824 118 1884 exstat
137 1818 556 1904 ALIS·NE·POTESTO,
580 1840 775 1904 quamquam
798 1816 1020 1882 Mommseuus
1044 1840 1074 1901 p.
1089 1816 1155 1880 320

30 1923 124 1990 ‘clito'
145 1927 379 2012 interpretatus
403 1931 461 2010 est,
484 1930 593 1991 tamen
616 1925 648 1989 id
668 1946 732 2009 qua
752 1923 880 1989 defendi
899 1925 1027 1990 ratione
1049 1921 1155 2007 possit

30 2055 141 2114 pmrsus
164 2056 214 2100 me
238 2035 390 2118 ignorare
411 2031 526 2098 fateor.
563 2029 611 2096 De
635 2030 848 2114 scriptoribus
873 2033 981 2094 autem
1006 2031 1033 2095 si
1058 2053 1153 2116 quae·

30 2139 171 2224 sierimus,
202 2140 322 2205 mirum
350 2142 401 2204 est
428 2139 554 2204 nullum
584 2138 652 2202 eius
682 2137 806 2202 formae
835 2137 870 2200 in
893 2137 1040 2202 scaenica
1061 2139 1153 2220 poesi

31 2249 86 2309 tcta
107 2248 275 2333 vestigium
300 2267 383 2311 esse:
407 2267 483 2310 nam
508 2243 702 2330 quibusdam
717 2243 826 2310 Plauti
845 2243 992 2309 versibus
1016 2244 1078 2309 etsi
1096 2245 1153 2310 illa

29 2371 81 2415 uon
109 2375 181 2418 saue
213 2355 389 2438 repugnat,
421 2356 531 2416 tamen
565 2373 624 2416 nec
656 2349 722 2416 ullu
754 2351 788 2415 in
819 2351 892 2416 loco
923 2350 1152 2415 necessitatem
1196 2399 1212 2428 .

29 2455 111 2524 habet
132 2464 162 2524 et
184 2460 281 2546 lunga
305 2459 453 2544 plurimis
477 2457 656 2523 certissime
678 2458 876 2523 adversatur.
911 2456 1005 2522 Vnda
1023 2462 1153 2541 praeter
1271 2473 1276 2484 ·

29 2565 168 2632 rationem
194 2566 379 2633 Bentleium
407 2565 609 2650 intellegitur
634 2565 702 2630 ulid
727 2565 902 2632 immisisse
932 2565 967 2628 iu
989 2563 1152 2628 Terentia·

30 2693 91 2736 uum
111 2695 234 2740 versum
259 2673 411 2738 Heauton
440 2673 658 2738 timorumeuu
680 2671 727 2756 II,
750 2673 780 2754 3,
803 2672 856 2755 90,
884 2671 943 2736 sic:
978 2671 1062 2751 Quid
1086 2672 1154 2738 ulid

32 2777 73 2842 tbi
89 2781 154 2845 sris?
180 2781 340 2864 Sipuntem
358 2779 413 2845 boc
430 2781 495 2864 liet:
519 2779 574 2842 ubi
593 2779 775 2846 rectissimo
792 2777 909 2842 iudicio
923 2777 1150 2843 Fleckeisenus

32 2879 165 2952 librorum
191 2888 382 2954 memoriam
410 2889 534 2951 tutatus
564 2888 614 2949 est
642 2885 725 2965 Quid
752 2885 842 2949 aliud
863 2885 918 2948 tobi
940 2885 1011 2948 ab?
1048 2883 1151 2966 Siqui-

32 2989 84 3055 doo
105 2993 156 3060 boc
179 2998 223 3078 (il.
266 2993 389 3060 Verum
418 2992 499 3057 citra
527 2991 782 3057 controversiam
809 2987 970 3076 primus*)
999 2989 1151 3074 Lucilius,

32 3105 171 3166 correctus
193 3101 324 3186 quidem
348 3123 368 3166 a
391 3099 515 3182 Donsa,
547 3099 594 3163 sic
622 3102 673 3163 est
700 3098 827 3164 locutus
855 3101 938 3162 teste
961 3095 1110 3163 Charisia
1134 3097 1150 3162 Ι

33 3205 105 3284 ιιι
126 3206 158 3272 r.
182 3211 254 3292 ιιι,
276 3209 316 3274 18
341 3207 394 3272 m:

33 3351 217 3370 ἦ*

103 3435 125 3504 ‘)
143 3437 168 3492 h.
187 3455 210 3492 e.
230 3437 306 3508 quod
325 3436 445 3492 sommus
464 3437 578 3508 primus.
614 3435 687 3490 Nam
706 3435 781 3504 qnod
804 3451 839 3488 ue
857 3435 1018 3490 Naevianae
1036 3435 1150 3504 quidem

34 3517 204 3596 Ealternaque
226 3526 319 3598 poesis
343 3525 477 3596 reliquiae
502 3525 591 3580 ullum
615 3523 752 3580 eiusmodi
779 3523 929 3594 vestigium
953 3527 1076 3592 servant,
1104 3523 1150 3578 vix

34 3609 105 3666 ausim
121 3631 171 3670 non
189 3615 265 3671 casui
284 3615 413 3672 tribuere.
451 3614 558 3670 Naevio
578 3613 734 3670 enimcum
753 3613 839 3667 talem
859 3629 968 3666 versum
989 3613 1079 3668 Simul
1098 3613 1150 3666 alis

35 3695 80 3751 olid
95 3702 197 3758 aliunde
214 3705 349 3759 rumitant
368 3704 439 3758 inter
456 3721 484 3758 se
503 3702 619 3758 Botbius
639 3701 737 3756 tribuit
751 3700 966 3756 iuComicorum
984 3698 1149 3770 fragmentis

36 3791 101 3854 litt,
118 3809 163 3846 ruo
180 3792 208 3848 id
226 3791 350 3863 periculo
373 3791 442 3846 fecit
464 3791 621 3860 damnoque
645 3807 834 3856 numerorum,
862 3805 932 3858 quos
956 3787 1063 3858 pridem
1088 3805 1150 3855 por·

37 3879 256 3940 restauratos
272 3897 331 3936 esse
351 3880 441 3935 Simili
458 3881 532 3936 clitis
550 3880 662 3934 aliriudc
681 3911 691 3922 -
711 3879 846 3932 rslrnitdnt
864 3879 935 3932 iuter
953 3893 980 3932 sc
999 3873 1149 3930 secundnm

38 3960 95 4018 Festi
115 3968 258 4036 epitomum
281 3987 308 4040 p.
327 3976 388 4038 2⁷0,
403 3977 428 4024 3.
457 3999 489 4010 -
519 3969 617 4022 Altera
634 3985 669 4022 ex
694 3970 773 4036 parte
797 3965 961 4020 demiranda
980 3965 1150 4021 Alschefskii

38 4047 174 4126 liberalitas,
191 4059 239 4128 qui
253 4075 308 4116 uuo
324 4061 442 4116 confisus
459 4059 540 4114 unius
555 4055 674 4112 Medicei
692 4055 852 4110 testimonio
871 4055 930 4108 olid
949 4054 1054 4108 formae
1069 4072 1149 4110 nsum

39 4137 104 4195 slT.
115 4143 181 4200 Livii
197 4151 225 4203 et
243 4150 364 4204 aetatem
384 4151 413 4204 et
426 4148 653 4203 consuetudinem
672 4143 838 4214 pertinuisse
857 4162 921 4200 cum
940 4142 992 4198 sibi
1010 4142 1150 4213 persuasit

40 4227 87 4280 adu.
104 4232 134 4285 ad
152 4235 183 4301 11,
201 4243 242 4305 43,
264 4245 296 4292 10
319 4241 377 4292 tum
397 4235 460 4292 aliis
479 4235 645 4306 persuadere
669 4233 720 4288 tali
743 4233 987 4304 argumentatione
1012 4231 1148 4286 institnit:

41 4311 68 4367 ‘u'
86 4319 136 4374 ulid
155 4323 231 4394 arbel]
256 4343 319 4380 cnm
342 4323 395 4380 hoc
419 4325 480 4380 loco
504 4325 583 4379 alind
604 4321 823 4393 corripiendum,
847 4323 917 4377 nibil
940 4320 1148 4392 producendum

41 4401 78 4468 sit,
94 4409 230 4466 rectissime
248 4429 277 4468 se
296 4413 383 4468 babet
400 4414 488 4468 clid’:
517 4412 659 4468 doctrinae
683 4429 783 4481 genere
807 4415 866 4466 lam
889 4411 1048 4466 mehercule
1076 4427 1148 4466 novo

41 4505 107 4557 ‘luem
123 4497 253 4571 singulari.
291 4501 344 4576 [Cl.
363 4501 438 4558 inira
455 4521 481 4573 p.
497 4503 570 4574 lla]
