3108 5142
324 407 428 458 neore
452 405 603 456 sensns
627 405 714 456 enos
739 405 943 456 svenssrss.
1162 385 1205 450 43

78 552 151 616 idei
177 551 281 618 fraudi
313 573 477 638 poenaeue
504 573 545 617 ne
575 555 661 617 esto:
690 551 839 636 quodque
866 549 915 614 its
944 547 1075 634 loeltnrn
1099 553 1206 613 sotum

78 660 185 725 iussum
208 661 278 742 erit,
302 660 333 726 id
357 661 408 725 ins
431 663 602 746 ratumque
626 661 705 724 esto.
752 679 815 742 quo
838 657 945 722 minus
968 657 1002 720 in
1027 677 1109 738 enm,
1132 655 1207 740 quei

76 766 115 831 ite
132 771 137 846 Ι
154 767 373 832 uadimonium
405 767 543 832 Romam
577 787 615 832 ex
648 765 776 831 decreto
810 763 892 848 eius,
925 763 999 848 quei
1031 763 1096 828 ibei
1129 761 1209 828 iarei

76 873 207 939 dabam
229 875 373 959 praeerit,
394 895 460 940 non
484 873 706 958 promeisserit
725 874 731 952 Ι
751 875 809 936 ent
831 869 991 936 uindicem
1014 869 1208 954 locupletem

75 981 115 1044 its
133 1005 195 1048 non
217 980 350 1064 dederit,
374 981 415 1046 ob
439 1001 510 1046 eom
533 1001 597 1045 rem
615 979 771 1044 iudicium
790 979 1057 1062 recuperatorium
1074 977 1112 1060 is,
1135 976 1208 1062 quei

77 1085 157 1172 libel
181 1089 259 1154 iuret
281 1088 430 1154 domando
453 1091 602 1173 praeerit,
625 1111 663 1154 ex
687 1087 746 1152 bae
769 1086 831 1170 lopo
853 1085 909 1151 det
931 1084 1149 1168 iudieareique
1171 1083 1209 1148 de

75 1217 107 1259 eo
127 1217 156 1260 re
178 1196 242 1260 ibei
262 1189 365 1281 buret,
389 1219 427 1261 ex
451 1196 510 1262 hae
532 1197 595 1280 lepe
615 1195 695 1262 nibil
718 1199 851 1278 ropatnr.
872 1191 900 1280 Ι

36 1301 99 1365 ‘teil
123 1325 183 1388 quo
216 1301 294 1388 qnid
326 1307 455 1386 praeter
486 1302 655 1386 pecuniam
690 1305 811 1366 certem
844 1299 1013 1384 ereditsm,
1048 1299 1208 1386 signatam
1222 1290 1317 1360 ΧΧΠ

74 1409 170 1474 forms
193 1409 316 1492 publiea
339 1409 462 1494 populei
483 1407 643 1492 mamas,
663 1413 669 1488 1
688 1407 723 1472 in
747 1429 858 1473 eorum
881 1431 945 1494 qno
970 1409 1083 1492 oppido
1106 1409 1208 1472 mant-

73 1517 142 1598 eipio
164 1517 285 1582 cotonea
304 1517 496 1601 praefectura
519 1537 590 1592 soro
612 1517 681 1581 uteo
705 1515 905 1580 waeitrabrdo
929 1516 1105 1598 metelloue,
1128 1537 1210 1600 quae

74 1625 140 1686 sont
161 1625 296 1688 eruntne
319 1623 353 1688 in
376 1621 484 1688 Gellio
507 1622 552 1687 eis
575 1621 703 1706 Alpeis,
723 1625 728 1698 Ι
748 1624 884 1706 petetur,
907 1621 1033 1706 quodue
1056 1643 1153 1706 quom
1172 1643 1210 1686 eo

74 1733 186 1812 egetur,
209 1751 291 1814 quae
314 1751 365 1794 res
388 1751 453 1796 non
481 1729 585 1815 pluris
608 1729 664 1795 HS
686 1711 748 1794 'XV
768 1729 838 1814 erit,
861 1733 894 1794 et
917 1729 964 1792 sei
983 1729 989 1806 Ι
1009 1749 1047 1794 ea
1070 1751 1121 1792 res
1139 1729 1211 1812 erit,

73 1833 107 1898 de
131 1857 193 1920 qus
220 1857 255 1900 re
284 1837 391 1902 omnei
420 1837 555 1923 pecunie
583 1837 649 1902 ibei
677 1835 727 1900 ius
755 1836 854 1902 deieei
879 1835 1037 1902 iudicione
1060 1835 1148 1902 darei
1172 1859 1210 1900 ex

73 1941 125 2007 hoo
144 1943 206 2027 leye
227 1943 257 2022 d.
281 1945 435 2028 oportebit,
455 1946 461 2023 Ι
481 1945 527 2010 sei
551 1945 579 2008 is
602 1965 673 2010 earn
692 1966 771 2028 rem,
793 1965 875 2028 queo
898 1943 946 2008 ite
962 1943 1006 2008 ob
1025 1965 1064 2008 eo
1083 1947 1211 2028 petetur

33 2070 58 2116 so
73 2048 143 2114 deae
173 2059 212 2114 es
237 2071 273 2114 re
301 2071 374 2116 oum
402 2071 440 2115 eo
463 2055 593 2136 egetur,
620 2050 649 2114 ei
678 2051 752 2136 quei
779 2073 851 2116 esen
870 2049 876 2130 Ι
896 2053 987 2134 petet
1013 2049 1092 2114 dene
1115 2071 1154 2114 es
1176 2071 1211 2114 re

74 2155 148 2240 agei,
170 2161 227 2222 ant
249 2156 292 2221 iei
311 2157 427 2242 quoius
446 2157 577 2223 nornine
597 2156 637 2221 ob
657 2179 695 2222 eo
714 2161 844 2241 petetur
861 2177 1001 2242 quamue
1021 2179 1059 2224 eo
1078 2153 1211 2242 ogsltnr,

74 2260 195 2328 iniere
221 2263 307 2348 apud
338 2285 429 2346 enm,
461 2265 535 2350 quei
567 2263 634 2329 ibei
666 2264 745 2329 iuret
776 2264 924 2329 denuncio
956 2263 1106 2348 praeerit,
1137 2259 1212 2324 tlara

75 2389 169 2448 escere
194 2375 352 2454 praestare
373 2371 587 2437 restitnereue
614 2375 763 2457 oportere
789 2373 845 2436 ent
865 2373 870 2450 Ι
891 2391 926 2436 se
945 2371 1075 2452 debere,
1101 2367 1239 2432 einsnes

74 2499 138 2542 earn
169 2498 236 2542 rern
279 2499 349 2543 esse
383 2481 440 2544 eut
471 2501 506 2544 se
538 2501 609 2544 eam
645 2479 782 2564 bebere,
815 2501 928 2544 eamne
963 2503 1031 2544 rem
1063 2477 1213 2563 detque

76 2587 220 2668 arguetur
246 2607 282 2650 se
310 2584 425 2651 iecisse
454 2585 678 2670 obligstnmue
707 2607 741 2650 se
769 2585 837 2650 eins
865 2587 911 2651 rei
939 2585 1113 2652 noxsineue
1142 2605 1212 2648 esse

76 2687 240 2776 oonleslsus
271 2691 334 2756 erit
360 2691 570 2774 deixseritpe,
602 2713 705 2777 neque
733 2691 770 2756 de
799 2715 838 2758 ea
866 2713 898 2758 re
926 2695 1005 2758 setis
1029 2693 1095 2758 utei
1119 2713 1213 2776 opor-

35 2815 60 2861 35
76 2795 151 2862 tebit
172 2797 279 2881 societ,
303 2801 360 2863 not
386 2797 432 2863 sei
456 2797 672 2886 sponlsionem
696 2799 785 2864 fierei
809 2800 983 2884 oportebit,
1006 2799 1211 2884 sponsionem

78 2924 135 2968 non
162 2905 272 2990 faetet,
305 2927 371 2971 non
405 2906 569 2988 restituet,
588 2909 594 2986 Ι
614 2927 716 2992 neque
746 2927 780 2971 se
809 2904 926 2971 iudicio
954 2907 1020 2971 utei
1050 2905 1214 2990 oportebit

78 3008 228 3095 detondet,
258 3015 317 3076 snt
340 3011 386 3076 sei
410 3010 447 3076 de
470 3033 509 3078 ea
531 3033 564 3078 re
586 3011 620 3076 in
643 3012 711 3078 iure
732 3017 737 3090 Ι
757 3011 838 3078 nihil
862 3012 1079 3097 responderit,
1110 3033 1213 3097 neque

79 3115 111 3179 de
131 3139 166 3182 so
186 3140 219 3184 re
245 3139 281 3183 se
308 3117 427 3184 iudicio
455 3119 521 3183 otei
549 3119 712 3203 oportebit
741 3118 903 3185 defendet:
923 3117 928 3203 Ι
948 3121 1018 3184 turn
1049 3120 1087 3184 de
1116 3141 1168 3204 eo,
1195 3140 1215 3185 s

80 3245 136 3306 qno
157 3247 193 3290 es
215 3248 267 3290 res
291 3225 339 3290 ito
362 3227 491 3310 petetur
514 3247 653 3311 quemue
677 3247 715 3290 eo
739 3226 775 3290 de
793 3247 831 3292 ea
849 3247 882 3292 re
899 3227 947 3292 ite
966 3231 1090 3312 agetur,
1113 3227 1214 3313 deque

83 3329 141 3397 ‘eo
162 3333 234 3418 quoi
265 3355 337 3400 eom
366 3355 435 3400 rem
464 3335 551 3400 darei
577 3334 665 3400 fieret
689 3336 859 3419 praestaret
880 3335 1010 3401 restitui
1034 3335 1156 3400 satisne
1178 3334 1215 3398 de

40 3451 67 3497 40
83 3459 115 3502 ea
134 3463 163 3506 re
182 3442 268 3506 fieret
293 3441 467 3526 oportebit,
487 3447 492 3522 Ι
514 3443 643 3526 siremps
666 3443 715 3507 loo
737 3463 784 3507 ros
806 3441 856 3508 ias
878 3463 1051 3527 massaque
1073 3441 1215 3507 omnitrns

84 3550 207 3614 osanam
230 3571 333 3614 reram
357 3553 429 3627 esto,
452 3553 549 3632 etque
573 3547 639 3612 atei
665 3553 751 3613 esset
773 3571 885 3614 essene
909 3553 1084 3635 oporteret,
1108 3547 1154 3614 sei
1178 3547 1215 3631 is,

84 3654 146 3734 quei
165 3656 210 3722 its
228 3656 234 3741 Ι
254 3655 330 3740 quid
354 3677 463 3720 esrum
488 3677 595 3722 rerum
618 3655 785 3721 consessus
809 3655 870 3720 erit
893 3661 950 3721 out
972 3657 1009 3720 do
1036 3679 1075 3720 ea
1097 3677 1128 3720 re
1150 3677 1215 3720 non

86 3762 270 3843 responderit
299 3783 400 3848 neque
419 3765 423 3840 Ι
444 3783 479 3826 se
511 3762 628 3827 iudioio
661 3763 726 3826 utei
761 3763 925 3847 oportebit
953 3761 1145 3846 detenderit,
1177 3761 1216 3826 de

87 3863 133 3928 ieis
153 3869 244 3932 rebus
268 3867 390 3934 Romae
414 3867 499 3952 opud
524 3874 702 3953 praetorem,
722 3874 726 3949 Ι
748 3889 861 3933 eumue
885 3871 958 3952 quei
982 3869 1021 3934 de
1041 3869 1100 3934 ieis
1119 3869 1216 3934 rebus

89 3970 191 4040 Romae
215 3977 294 4040 iarei
317 3976 465 4040 naama
488 3981 662 4060 praeesset,
690 3975 723 4040 in
746 3975 815 4040 iure
838 3975 1004 4042 confessus
1029 3979 1115 4041 esset
1134 3975 1140 4058 Ι
1160 3981 1217 4042 eut

90 4078 141 4144 ibei
169 4083 202 4148 tle
232 4105 271 4150 ea
298 4103 331 4148 re
358 4082 439 4148 nihil
468 4083 688 4168 respondisset
717 4085 774 4147 out
804 4080 923 4147 indicio
953 4105 987 4148 se
1015 4106 1080 4149 non
1108 4083 1214 4149 delen·

51 4201 76 4246 tt
93 4183 187 4256 disset:
206 4191 211 4274 Ι
230 4195 425 4276 praetorque,
453 4190 523 4255 isne
550 4189 624 4274 quei
652 4189 689 4254 ele
712 4191 773 4254 eois
796 4189 882 4255 rebus
905 4189 1028 4255 ltomoe
1053 4191 1131 4256 iarei
1154 4190 1214 4254 dei·

150 4441 180 4490 26
197 4436 253 4493 loro
328 4443 364 4494 ἵε
383 4437 439 4512 lrpe
458 4438 594 4508 oportebit
674 4443 709 4490 30
727 4437 794 4508 eget
869 4441 901 4492 ³1
922 4435 1010 4494 faeere
1086 4441 1120 4490 ³4
1139 4435 1213 4492 doix-

97 4519 194 4592 eritque
