3008 5118
336 413 401 478 258
564 431 609 478 or
633 430 811 480 survucno
836 433 1015 480 rvnronvn
1041 431 1254 482 rvscvuano.

338 595 434 656 quarn
459 574 578 638 vidisse
597 575 789 639 Kircherum
808 574 895 639 haud
913 576 1109 660 negaverim,
1132 597 1213 659 quas
1235 595 1298 638 non
1319 575 1376 638 sine
1395 597 1446 636 an·

335 678 498 764 biguitate
522 681 661 764 quadam
681 682 854 747 verborum
878 682 947 765 ipse
972 681 1051 746 dicit
1075 705 1105 765 p.
1125 682 1165 746 67
1192 680 1276 746 ‘una
1297 703 1369 746 cum
1385 680 1446 745 lllmn

337 791 433 871 atque
462 788 679 854 eruditissimo
703 788 797 872 Viro,
828 787 969 854 Domino
993 789 1133 854 Octavio
1161 787 1358 871 Falconerio,
1383 790 1447 852 auti-

335 893 468 975 quariae
493 895 679 959 literaturae
704 895 957 978 studiosissimo,
986 919 1023 959 ea
1050 919 1115 980 qua
1142 896 1249 960 decuit
1277 895 1335 961 fide
1355 899 1382 958 et
1399 895 1448 958 siu-

336 1001 468 1064 ceritate
497 1023 566 1065 sese
594 1001 857 1086 deprompsisse':
891 1007 926 1066 at
955 1005 1071 1066 testem
1102 1003 1266 1066 oculatum
1285 1001 1449 1066 'Faleouerio

335 1130 446 1190 parem
475 1109 668 1173 auctoritate
696 1131 755 1173 nec
782 1109 904 1194 figurae
933 1109 1116 1173 litterarum
1144 1109 1285 1194 probant
1314 1109 1351 1173 ad
1378 1115 1449 1193 typo

334 1237 406 1279 rum
430 1214 676 1280 similitudinem
700 1215 844 1298 proxime
869 1215 1055 1280 accedentes
1079 1213 1174 1299 (quas
1198 1215 1380 1301 xylographi
1398 1228 1451 1278 ane

335 1323 559 1405 exprimendas
579 1322 785 1387 Falconerius
810 1319 1002 1405 curaverat),
1025 1343 1084 1385 nec
1108 1321 1157 1385 bis
1180 1322 1338 1405 neglecta,
1358 1322 1382 1385 si
1397 1341 1450 1384 con

335 1429 504 1493 Falconeri
528 1429 682 1513 exemplis
711 1429 899 1510 contuleriS,
931 1450 1082 1492 versuum
1111 1425 1292 1514 distinctio,
1321 1451 1375 1494 nec
1398 1449 1451 1511 pro

334 1535 420 1600 fecto
445 1536 525 1600 illud
548 1534 633 1618 quod
657 1557 712 1599 eas
737 1557 864 1620 quoque
888 1535 1115 1618 inscriptiones
1135 1539 1291 1619 quattuor
1309 1535 1338 1619 (e
1355 1536 1375 1616 f
1387 1557 1403 1616 p
1421 1533 1433 1594 l
1441 1551 1451 1612 ¹,

334 1666 414 1726 quas
437 1666 502 1708 nou
526 1643 644 1706 vidisse
668 1646 771 1706 semet
795 1642 850 1705 sed
870 1665 889 1705 a
907 1642 1066 1707 monacho
1086 1642 1304 1725 transcriptas
1322 1643 1451 1723 accepisse

334 1750 542 1814 Falconerius
567 1772 597 1832 p.
619 1750 681 1812 146
704 1752 854 1831 testatur,
878 1749 966 1812 nullo
991 1749 1175 1833 significato
1199 1747 1380 1814 discrimine
1401 1745 1451 1809 liir-
1495 1734 1501 1787 ³

334 1856 448 1920 eherus
473 1862 639 1941 tamquam
664 1879 680 1918 o
705 1854 922 1939 ‘fragmentis'
950 1856 1070 1939 petitas
1099 1855 1214 1920 ceteris
1239 1855 1378 1920 sociavit
1415 1852 1452 1922 l't

335 1963 527 2046 ubicumque
556 1962 677 2046 aliquid
706 1962 943 2046 discrepantiae
976 1963 1062 2027 inter
1093 1963 1261 2047 utriusque
1294 1959 1451 2026 testimonia
1494 1972 1499 2036 ξ

333 2069 519 2153 intercedit,
550 2091 616 2133 non
649 2067 795 2132 videatur
822 2069 956 2132 nimium
981 2067 1138 2134 Kirchero
1168 2069 1372 2134 tribuendum
1395 2089 1451 2129 esse.
1492 2070 1498 2133 l

334 2175 451 2250 Qualia
475 2178 562 2257 sunt,
591 2175 676 2258 quod
704 2175 738 2238 in
761 2196 812 2257 ea,
841 2198 937 2260 quam
961 2198 1021 2240 nos
1043 2177 1065 2256 f
1082 2175 1238 2260 diximus,
1261 2177 1371 2241 omisit
1390 2171 1451 2257 apul
1492 2160 1498 2233 i

334 2281 558 2348 Falconeriurn
582 2281 615 2344 M
646 2282 775 2346 litterae
804 2283 1015 2364 praemissam
1039 2281 1203 2362 luctam,
1236 2283 1383 2347 nimirum
1405 2301 1450 2345 nou

333 2389 440 2472 magis
464 2389 527 2452 sibi
547 2411 643 2473 quam
662 2411 747 2453 nunc
766 2388 860 2452 nobis
881 2389 1094 2453 intellectam:
1118 2389 1196 2453 item
1216 2391 1303 2473 quod
1321 2390 1370 2454 his
1384 2402 1450 2471 quu-

333 2498 407 2558 tuor
440 2495 545 2559 titulis
578 2497 726 2580 quintum
759 2495 883 2559 addidit
920 2494 1031 2578 (tertio
1065 2496 1136 2560 loco
1169 2495 1326 2580 positum)
1362 2495 1449 2560 hunce:

333 2601 367 2665 M
386 2636 393 2651 ·
412 2602 461 2686 Il,
493 2602 547 2685 qui
576 2625 652 2667 sane
680 2624 746 2666 non
774 2602 912 2666 ficticius
941 2601 1116 2684 videbitur,
1150 2601 1204 2665 sed
1233 2603 1371 2668 fortasse
1396 2621 1449 2683 pars

332 2711 442 2793 potius
467 2709 529 2773 fuit
553 2709 620 2772 sive
643 2730 659 2771 e
682 2709 749 2771 sive
768 2708 785 2771 le
811 2709 949 2772 litterae.
979 2706 1103 2771 Eodem
1124 2707 1268 2790 pertinet
1286 2709 1380 2792 quod,
1398 2726 1447 2770 run

332 2819 464 2883 titulum
492 2838 508 2882 c
536 2817 634 2880 semel
664 2815 713 2879 ‘iu
742 2817 848 2880 fronte
879 2813 987 2879 arcae’
1016 2814 1150 2900 lectum,
1186 2815 1339 2880 iteratum
1369 2822 1448 2880 aulen

334 2925 467 2990 ‘ibidem
496 2925 530 2988 in
554 2921 721 3006 operculo'
746 2922 954 2987 Falconerius
983 2923 1131 3005 dixisset,
1163 2922 1220 2988 illo
1250 2922 1448 3007 praetermisso

333 3031 507 3097 Kircherus
536 3030 617 3094 satis
647 3029 762 3093 habuit
788 3029 873 3092 hunc
902 3033 1155 3112 repraesentare.
1205 3029 1330 3104 Quibus
1360 3029 1447 3094 diacre

333 3139 455 3220 pantiis
484 3137 593 3219 paullo
623 3136 753 3219 gravior
775 3135 854 3198 haec
883 3139 932 3199 est
957 3134 1056 3219 quod,
1088 3157 1160 3199 cum
1189 3135 1270 3200 duos
1298 3138 1402 3202 titulos
1419 3129 1446 3196 C·

332 3241 550 3307 'PVltPLElO
580 3241 666 3306 c-l‘
694 3247 727 3305 et
756 3240 1039 3317 QrVRPLEIO
1068 3240 1156 3306 oF
1178 3239 1239 3326 (sic
1264 3245 1348 3308 enirn
1369 3243 1446 3324 legen·

333 3347 423 3434 dum)
451 3349 482 3412 in
511 3371 574 3413 una
603 3371 678 3413 arca
706 3371 758 3432 ea,
788 3371 869 3430 quae
897 3353 947 3411 est
970 3348 1189 3413 litteratarum
1213 3348 1393 3433 maxima*),
1414 3367 1444 3408 so-

333 3457 450 3520 ciasset
466 3456 682 3538 Falconerius,
705 3455 820 3520 horum
845 3456 982 3518 alterum
1003 3453 1179 3520 Kircherus
1203 3479 1349 3521 seorsum
1365 3451 1442 3538 posui?

333 3567 369 3626 ut
393 3563 426 3628 in
449 3564 598 3647 operculo
623 3565 690 3627 eius
716 3584 808 3626 arcae
833 3562 999 3645 scriptum:
1023 3562 1056 3625 id
1076 3561 1161 3645 qnod
1184 3565 1253 3626 fieri
1276 3587 1350 3630 sane
1366 3565 1443 3646 poten

332 3675 369 3734 ut
393 3671 499 3734 verius
523 3671 704 3736 tradiderit.

421 3830 446 3895 *)
465 3829 528 3883 Non
548 3829 685 3895 omnium,
705 3829 842 3896 quotquot
860 3825 888 3880 in
908 3827 1035 3894 sepulcro
1053 3829 1179 3896 repertae
1198 3831 1277 3896 runt,
1296 3827 1410 3883 maxima:
1424 3819 1442 3872 ll

332 3918 406 3986 quod
427 3935 459 3970 ex
479 3917 623 3971 Falconeri
643 3935 668 3986 p.
688 3923 737 3970 144
761 3917 804 3969 his
822 3916 914 3969 verbis
934 3915 1120 3984 intellegiturr
1146 3914 1346 3971 ‘Conditorium
1363 3915 1386 3968 iu
1401 3912 1441 3978 ips·

331 4007 417 4074 topho
447 4008 580 4074 excisum,
609 4006 637 4058 io
668 4006 746 4058 ouius
772 4005 864 4059 medio
890 4005 1080 4074 sarcophagus
1107 4009 1168 4059 erat
1192 4005 1337 4074 quinque
1361 4001 1441 4056 circiter

331 4095 463 4162 pedum,
487 4094 581 4164 lapide
601 4094 743 4163 fastigiato
763 4097 887 4162 opertus,
917 4093 1073 4146 cuiusmodi
1096 4097 1126 4146 et
1148 4093 1233 4162 aliae,
1262 4096 1297 4150 ad
1319 4089 1439 4149 duodecin.

331 4182 414 4250 longe
433 4182 553 4237 minores
573 4201 657 4237 urnac
676 4184 705 4237 in
724 4181 919 4236 loculamentis
944 4182 980 4235 ad
999 4185 1148 4251 utrumque
1168 4182 1314 4239 conditorii
1332 4185 1392 4237 latus
1406 4195 1438 4244 p*-

331 4270 421 4325 sitae?
450 4273 522 4324 Nam
542 4272 727 4340 Turploianae
747 4289 827 4325 arcae
843 4271 991 4324 Kirolrerus
1006 4262 1437 4339 latitudinisurensurnrnappl111it

333 4358 360 4411 ‘2
381 4359 510 4429 palmos’,
529 4362 687 4416 altitudinis
708 4361 770 4430 Ἣ,
791 4360 887 4428 palm.’
927 4359 1032 4412 Eodem
1051 4363 1122 4414 toste
1141 4359 1240 4430 minor,
1263 4362 1334 4415 cuius
1351 4361 1436 4426 ligurio

331 4447 398 4501 item
418 4448 497 4502 dedit
515 4453 639 4517 uterque,
659 4468 724 4504 arca
742 4450 792 4503 illa
804 4452 828 4502 A
839 4480 844 4490 ·
857 4448 972 4503 Fovrio
991 4450 1033 4502 P·
1049 4449 1070 4502 p
1089 4449 1184 4505 dicata
1201 4454 1240 4520 (d)
1255 4448 1385 4505 latitudine
1400 4438 1436 4492 luil

332 4537 410 4590 unius
430 4539 518 4605 pallui
537 4543 565 4592 et
584 4539 704 4606 dimidii,
724 4539 873 4593 altitudine
894 4540 981 4592 unius.
