3008 5118
373 423 581 472 aarluonvn
605 423 870 484 nurrqvmsnns.
1127 407 1191 470 285

61 564 184 628 nomina
206 564 365 648 nequior
387 566 548 651 nequius
571 567 741 651 ipsumque
761 565 842 631 adeo
865 563 1043 648 nequitia
1066 565 1192 629 tierent:
1325 629 1334 642 ,

59 669 87 732 id
108 669 192 754 quod
214 673 248 734 et
271 669 458 737 destituitur
481 673 646 758 exemplis,
670 679 703 738 et
725 675 839 756 suapte
862 675 980 736 natura
999 692 1065 735 non
1084 673 1192 754 potest

59 797 117 839 non
135 777 310 858 permirum
333 777 445 844 videri.
473 777 519 843 Vt
537 785 663 844 mecam
683 777 824 844 indidem
844 776 969 842 scilicet
988 781 1191 861 procreatum

59 905 166 946 novum
199 884 381 968 nequiter
414 885 610 950 adverbium.
656 886 769 970 Apage
797 887 898 972 igitur
926 883 1127 949 incredibilia
1160 886 1193 946 et

58 995 176 1070 praeter
203 991 431 1056 necessitatem
461 995 598 1072 μονήρης
635 1013 714 1056 neve
742 991 873 1056 aliunde
901 989 1010 1056 venire
1033 1011 1192 1074 nequam

58 1095 140 1159 erede
164 1095 228 1161 nisi
251 1098 335 1163 unde
359 1101 392 1162 et
418 1099 580 1183 nequior
608 1101 641 1162 et
667 1097 844 1182 nequitia
872 1103 905 1162 et
933 1097 1125 1181 nequiter,
1153 1118 1191 1159 ex

58 1201 197 1264 obsoleto
222 1223 371 1287 nequus
399 1205 450 1268 vel
474 1205 581 1288 potius
605 1227 748 1289 nequos
776 1205 928 1288 positive,
951 1203 1130 1286 composito
1154 1223 1192 1267 ex

57 1329 95 1370 ne
121 1311 153 1370 et
179 1329 340 1393 aequos:
373 1332 506 1394 prorsus
534 1315 571 1376 ut
598 1312 639 1376 ab
668 1313 835 1377 adiectivis
865 1311 932 1376 suis
961 1309 1192 1394 promiscam

58 1411 231 1478 bifariam
260 1415 529 1482 multifariam.
568 1417 638 1482 Nec
661 1418 771 1502 dispar
798 1419 882 1484 ratio
910 1421 960 1481 est
987 1435 1133 1500 nequos
1161 1419 1194 1478 et

57 1519 202 1605 iniquos
238 1521 414 1588 formarum
447 1527 543 1608 atque
573 1523 689 1590 harum
721 1547 803 1610 quae
837 1529 912 1588 sunt
938 1521 1128 1588 nefandus
1160 1511 1194 1583 et

55 1625 245 1712 infandus,
273 1629 428 1694 nescius
455 1631 634 1696 nesciens
662 1631 878 1696 nescientia
906 1635 938 1694 et
960 1628 1107 1694 inscius
1136 1627 1193 1691 in·

55 1733 173 1799 sciens
203 1735 431 1820 inscientia,
458 1737 642 1821 nesapius
665 1735 840 1820 (Petronii)
863 1741 896 1800 et
917 1735 1110 1820 insipidus
1138 1733 1193 1797 in·

55 1837 210 1924 sipiens,
243 1841 457 1924 necopinus
486 1847 519 1907 et
546 1843 743 1926 inopinus:
774 1843 852 1908 item
883 1842 950 1907 sive
978 1863 1096 1926 nepus
1125 1839 1193 1904 sive

55 1943 88 2007 de
110 1945 266 2032 Scaligeri
290 1945 343 2032 (in
360 1945 445 2013 Fest
469 1971 499 2032 p.
520 1949 584 2013 164
599 1947 656 2034 Μ.)
680 1949 842 2014 sententia
872 1969 1038 2033 nepurus
1067 1951 1099 2012 et
1126 1945 1193 2011 irn-

55 2073 176 2138 purus,
209 2053 275 2118 nisi
303 2053 389 2118 forte
418 2053 516 2120 etiam
545 2055 665 2120 rectius
688 2053 899 2121 Doederlinus
922 2053 971 2120 VI
994 2077 1023 2139 p.
1042 2053 1105 2118 271
1131 2074 1192 2117 ne·

55 2157 132 2238 pius
155 2161 306 2243 correxit,
330 2159 560 2226 eonferendum
584 2161 617 2226 id
640 2161 770 2247 quidem
795 2185 867 2228 cum
891 2161 1041 2248 impius.
1082 2159 1192 2226 Enim·

56 2285 122 2328 rere
145 2265 233 2350 quod
257 2266 298 2330 ad
321 2267 539 2352 significatum
563 2267 690 2352 attinet,
714 2269 774 2333 etsi
798 2289 864 2334 non
887 2267 1088 2332 incommode
1109 2265 1193 2332 Doe

56 2369 191 2438 derlinus
214 2373 291 2437 hine
313 2373 477 2458 profectus
500 2379 610 2440 estut
637 2397 798 2460 nequam
825 2375 904 2440 illud
927 2375 1194 2458 interpretaretur

57 2479 132 2560 quod
159 2479 195 2543 in
223 2479 346 2544 nullam
375 2483 500 2564 partem
531 2479 561 2546 h.
581 2503 607 2546 e.
631 2479 727 2546 ‘nulli
756 2479 818 2546 rei’
848 2485 946 2564 esset,
978 2485 1089 2546 tamen
1117 2479 1193 2564 quid

57 2583 183 2668 impedit
212 2584 383 2670 quominus
415 2609 475 2652 nos
505 2585 659 2671 ‘nequam
686 2586 867 2653 bominem’
896 2609 968 2652 eurn
996 2587 1193 2670 accipiamus

58 2690 105 2772 qui
134 2691 166 2756 id
196 2691 282 2776 quod
311 2697 361 2757 est
388 2715 527 2778 aequum
560 2716 625 2760 non
658 2697 764 2760 servet
796 2694 1021 2776 observetque,
1056 2714 1194 2777 aequum

58 2795 234 2884 iratumque
266 2798 398 2864 modum
430 2822 495 2866 non
527 2801 669 2884 expleat,
702 2822 777 2865 suas
805 2803 914 2884 partes
943 2822 1007 2865 non
1036 2801 1193 2881 exaequet

59 2901 221 2989 officioque
246 2907 434 2973 sustinendo
462 2928 529 2972 non
553 2929 611 2990 par
635 2907 698 2972 sit?
743 2906 837 2971 Vnde
865 2911 934 2970 tam
962 2904 1115 2989 proclivis
1143 2910 1194 2969 est

59 3009 92 3074 ad
118 3011 286 3096 uulgarem
318 3011 507 3078 inutilitatis
540 3013 592 3078 vel
621 3017 657 3076 ut
684 3034 798 3097 graece
826 3012 930 3078 dicam
962 3017 1021 3078 τοῦ
1053 3013 1194 3094 ἐνδεοῦς,

60 3115 209 3196 ἐλλιποῦε,
233 3121 274 3198 μὴ
296 3119 507 3197 ἐξαρκοῦντος
526 3119 692 3184 notionem
716 3120 884 3202 transitus,
907 3123 944 3184 ut
966 3117 1016 3182 vel
1041 3119 1087 3182 sio
1110 3140 1193 3182 eom-

61 3223 237 3288 modissime
266 3224 410 3308 potuisse
438 3225 619 3308 nequiter
649 3229 683 3289 et
709 3224 936 3310 frugaliter,
966 3246 1128 3309 nequam
1161 3229 1193 3288 et

61 3327 154 3415 frugi
189 3331 340 3395 notiones
380 3331 501 3414 opponi
537 3331 758 3416 intellegatur,
799 3331 888 3396 velut
924 3331 1008 3414 apud
1040 3329 1193 3396 Plautum

63 3432 202 3500 Psendnli
231 3458 259 3500 ν.
278 3437 359 3501 468:
387 3435 499 3520 ‘Cupis
526 3459 577 3502 me
605 3459 675 3502 esse
703 3459 856 3522 nequam:
888 3441 997 3502 tamen
1025 3459 1079 3502 ero
1106 3437 1193 3522 frugi

63 3538 175 3608 bonae?
225 3541 337 3627 Ipsum
369 3547 478 3607 autem
510 3565 651 3628 aequos
688 3545 882 3610 vocabulum
913 3543 1074 3609 neminem
1107 3545 1195 3629 fugit

64 3667 148 3728 quam
174 3650 241 3714 late
269 3651 434 3734 patentem
462 3649 528 3713 vim
556 3649 668 3714 eodem
696 3648 812 3715 Plauto
844 3655 927 3714 teste
955 3649 990 3714 in
1018 3651 1194 3714 vetustiore

64 3755 257 3833 potissimum
293 3755 457 3821 latinitate
493 3754 653 3820 habuerit.
703 3755 836 3821 Accedit
867 3755 952 3838 quod
984 3753 1107 3819 habent
1139 3755 1194 3840 qui
1208 3784 1234 3823 aa

65 3879 312 3948 ane-aequos
346 3861 529 3944 ordiuntur,
559 3883 625 3927 non
648 3861 770 3928 habent
798 3861 853 3946 qui
881 3883 900 3926 a
927 3859 1079 3944 nequis,
1110 3860 1194 3924 unde

65 3961 145 4031 Festi
164 3991 194 4053 p.
214 3969 286 4052 162,
305 3969 348 4034 23
372 3969 516 4053 glossam
540 3967 724 4052 expediant:
747 3967 958 4053 ‘nequalia
981 3965 1193 4032 detrimenta!

67 4067 125 4138 Nec
153 4075 235 4140 enim
265 4077 394 4162 aegrius
424 4076 589 4142 credemus
620 4075 867 4160 ne=aequalia
897 4073 984 4137 dicta
1012 4093 1081 4135 esse
1110 4075 1193 4138 tam-

67 4197 151 4258 quam
182 4182 419 4268 inaequalia,
452 4205 549 4268 quam
577 4183 828 4267 ne·aequiora
855 4185 1021 4265 umquam
1049 4178 1193 4264 iniqui·

69 4301 135 4349 ora:
156 4293 199 4372 ut,
221 4288 250 4352 si
273 4287 456 4372 nequalia
483 4287 733 4372 interpretemur
756 4289 921 4371 tamquam
950 4285 1195 4372 iniquitates,

69 4405 123 4454 non
143 4392 242 4458 lateat
264 4393 319 4479 qui
343 4393 468 4458 deflecti
496 4416 556 4459 vox
586 4393 627 4458 ad
655 4393 921 4461 detrimentorum
950 4391 1116 4457 notionem
1141 4417 1194 4478 po·
1306 4403 1310 4413 '

71 4495 163 4561 tuerit.
201 4497 307 4564 Vnum
333 4502 435 4566 restat
459 4499 541 4585 quod
571 4505 666 4586 egeat
689 4499 888 4566 defensione:
916 4523 955 4565 er
982 4521 1093 4564 ne·ae
1121 4523 1192 4566 eon·
