2972 5120
428 425 706 472 svrrummnrvu
731 426 762 472 v.
1096 407 1158 472 571

40 589 93 630 non
114 589 179 630 csse
201 565 328 630 aliunde
350 566 556 652 repetendam
576 567 638 632 nisi
658 589 675 632 e
695 567 891 633 reverentiae
910 589 1005 633 sensu
1023 565 1162 651 quodam

39 694 107 756 quae
128 672 225 756 ipsius
249 665 546 739 IMPERATORIS
570 696 726 758 personae
750 680 847 759 atque
870 673 1033 740 maiestati
1052 673 1162 738 deberi

39 779 190 846 videratur.

109 1097 281 1164 Commode
305 1100 480 1184 explendae
510 1101 640 1166 tabulae
668 1106 780 1184 aptum
810 1105 881 1164 erat
903 1101 1120 1186 fragmentum
1146 1123 1163 1164 e

37 1204 187 1270 manubrio
211 1205 325 1289 scyphi
348 1206 443 1272 vitrei
468 1211 647 1292 superstes,
670 1207 756 1293 quod
776 1230 795 1272 a
813 1205 959 1272 Brunnio
978 1227 1163 1290 possessum

35 1313 60 1372 et
79 1333 196 1376 mecum
221 1315 496 1379 communicatum
525 1313 584 1378 sub
607 1315 643 1380 F
667 1311 858 1378 imitandum
889 1312 1007 1376 curari.
1051 1311 1090 1376 In
1113 1335 1163 1376 su·

34 1415 144 1497 periore
166 1422 262 1502 parte
285 1419 408 1504 scripta

503 1543 675 1610 ASINI

502 1648 679 1714 PlLIPl

31 1771 161 1856 nomina,
195 1794 279 1857 quae
303 1773 336 1839 in
360 1773 514 1840 inferiore
542 1773 647 1838 minus
677 1773 770 1858 plene
798 1774 970 1857 iterantur,
1001 1773 1069 1858 ipse
1097 1773 1163 1838 iam

32 1875 178 1944 Brunnius
202 1880 238 1944 in
263 1879 466 1946 ‘Bullcttino’
491 1879 576 1944 arch.
595 1879 687 1944 Rom.
710 1901 738 1944 a.
761 1881 845 1944 1864
869 1903 899 1964 p.
919 1879 961 1944 83
985 1879 1163 1944 rectissime

31 1981 100 2047 dixit
121 1986 324 2070 temporibus
353 1987 457 2052 medio
488 1987 614 2051 saeculo
643 1985 782 2070 septimo
806 1985 970 2070 prioribus
993 1986 1164 2052 tribuenda

32 2089 118 2154 rideri
146 2095 282 2177 propter
309 2092 493 2177 neglectam
522 2115 596 2156 cum
619 2091 850 2176 aspirationem
879 2097 947 2157 tum
972 2093 1163 2178 geminatio·

31 2215 92 2260 nem
114 2198 371 2264 consonantium.
404 2198 525 2264 Omissi
550 2203 657 2263 autem
682 2197 900 2282 praenominis
923 2197 1003 2262 haec
1025 2197 1164 2264 fortasse

31 2324 132 2368 caussa
153 2305 230 2389 fuit,
259 2305 344 2389 quod
368 2328 434 2372 non
457 2305 513 2370 uni
537 2305 632 2370 alicui
656 2305 785 2389 Asinio,
813 2305 869 2370 scd
892 2303 1033 2370 eiusdem
1057 2304 1164 2389 gentis

31 2413 58 2471 et
77 2410 215 2477 familiae
243 2411 431 2476 hominibus
459 2411 606 2496 pluribus
635 2413 860 2496 communique
888 2410 960 2476 usui
988 2409 1163 2476 domestico

33 2507 185 2582 vasculum
209 2519 407 2582 destinatum
432 2523 511 2583 erat.
