2984 5122
288 381 571 430 oasaavarmuas
595 379 864 428 amensamens.
1082 364 1148 428 433

45 543 113 584 mun
133 522 230 587 solum
258 531 501 590 monumentum
530 525 719 590 memoriam
747 525 900 608 servavit,
932 545 1014 607 pons
1038 521 1147 586 Fabri·

44 629 87 692 cius
114 628 163 692 ille
192 627 315 696 insulae
347 629 518 696 Tiberinae
555 632 588 696 in
624 631 714 697 cuius
748 631 886 696 arcubus
919 635 1034 716 quater
1065 631 1147 694 redit

44 733 709 818 L·FABR101VS·0·F·CVR·VIAR
739 735 807 822 ([C.
834 738 859 804 Ι.
886 736 919 802 L.
953 736 967 800 l
1001 759 1031 802 n.
1055 739 1147 820 6003]

41 839 61 902 P.
80 841 107 904 L.
131 840 169 906 M.
198 841 235 906 Ε.
268 844 334 908 tab.
357 843 540 909 LXXXVII
560 845 751 929 ΛΟΜ).
801 845 868 910 Nec
897 843 1042 928 profecto
1075 865 1147 906 cum

41 947 176 1012 tribunicia
203 955 367 1034 potestate
398 951 562 1016 difficilius
587 975 743 1036 aquarum
766 973 863 1036 quam
888 950 1012 1015 viarum
1037 972 1146 1015 curam

42 1053 160 1138 tainus,
200 1057 329 1140 quando
362 1081 425 1124 non
459 1059 564 1124 minus
599 1059 693 1123 nobis
727 1081 811 1124 nova
847 1058 927 1123 haec
960 1079 1058 1141 quam
1090 1057 1148 1120 illa

38 1162 119 1223 estin
148 1161 351 1228 tribunorum
384 1165 580 1228 muneribus.
630 1164 679 1228 De
707 1165 801 1249 aquis
825 1169 937 1238 ,autern
966 1169 1001 1228 ut
1029 1164 1148 1247 cogite·
1219 1155 1232 1182 ⁶

36 1287 94 1348 ms,
123 1269 252 1352 gravirm
285 1271 382 1334 etiam
417 1271 505 1336 locus
539 1271 661 1356 reperti
693 1271 811 1356 lapidis
849 1270 970 1336 suadet.
1021 1269 1147 1353 Quippe

35 1377 161 1454 repertum
185 1377 370 1460 accepimus
393 1379 427 1442 in
451 1383 560 1444 monte
586 1375 711 1461 Caelio,
738 1378 799 1442 hoc
824 1377 931 1441 estin
954 1399 992 1442 ea
1016 1375 1148 1460 regione

35 1477 95 1542 urbis
124 1503 219 1564 quam
254 1489 382 1550 constat
414 1507 479 1550 nna
511 1507 582 1551 oum
616 1487 769 1571 contiguo
797 1484 961 1550 Aventino
991 1505 1147 1568 aquarum

34 1581 190 1652 difficultate
210 1591 249 1652 ut
266 1589 441 1674 plurimum
460 1593 635 1659 laborasse.
664 1593 732 1658 Nec
752 1593 784 1658 id
804 1593 933 1676 mirum,
957 1613 1029 1654 cum
1054 1591 1146 1654 uber-

32 1691 80 1754 rini
104 1693 149 1758 illi
176 1694 336 1779 planeque
370 1697 552 1765 admirandi
585 1721 740 1784 aquarum
773 1697 886 1762 ductus
912 1697 1051 1762 Romani
1082 1696 1147 1778 ipsi

32 1791 109 1862 Caelio
127 1801 206 1864 nulli
228 1801 294 1866 lere
314 1807 388 1868 ante
405 1805 543 1892 Augusti
563 1811 712 1890 tempora
731 1805 802 1870 usui
821 1803 949 1870 fuerint
979 1803 1065 1868 Nam
1081 1803 1146 1886 Ap·

31 1901 80 1982 piae
99 1905 226 1988 quidem
250 1909 353 1974 rivum
378 1933 441 1976 non
466 1912 530 1977 nisi
555 1913 628 1976 sub
652 1910 762 1976 Caelio
791 1914 899 1975 monte
928 1915 961 1974 et
984 1909 1147 1975 Aventino

30 2003 129 2075 ductum
148 2011 326 2080 Frontinus
349 2017 491 2100 prodidit
514 2018 547 2082 in
572 2015 862 2100 praestantissimis
885 2016 924 2080 de
945 2017 1036 2100 aquis
1060 2040 1089 2082 u.
1109 2015 1146 2080 R.

32 2109 93 2180 bris
115 2141 181 2204 cap.
198 2121 244 2186 22
264 2145 295 2207 p.
312 2123 396 2207 13,3
416 2121 567 2188 editionis
589 2123 829 2188 Buecheleriae:
855 2123 941 2188 Anio
960 2127 1053 2188 vetus
1072 2144 1147 2188 eun·

30 2217 76 2285 dan
96 2231 238 2292 montem
265 2251 306 2293 ne
335 2229 448 2314 attigit
476 2229 619 2314 quidemr
651 2251 708 2314 per
732 2227 878 2294 Caelium
903 2233 1010 2293 autem
1034 2229 1146 2294 ductus

30 2329 90 2396 drus
110 2333 253 2400 Marciae
277 2334 391 2422 ‘ipsius
416 2337 535 2402 montis
559 2337 671 2402 usibus
695 2336 777 2400 nihil
802 2339 838 2400 ut
862 2335 996 2400 inferior
1018 2337 1147 2402 summi·

30 2435 170 2506 mabar
195 2445 281 2506 teste
305 2443 416 2508 eodem
434 2443 590 2508 Frontino
617 2445 657 2508 19
681 2466 712 2527 p.
734 2443 858 2526 1213:
881 2441 977 2508 huius
1001 2449 1038 2508 ut
1060 2442 1146 2508 simi·

30 2534 162 2628 batque
192 2547 321 2632 Appiae
353 2533 442 2614 ratio¹
472 2549 578 2614 fucrit.
628 2549 777 2634 Augusto
811 2549 939 2614 demum
968 2549 1147 2632 imperante

29 2643 90 2712 tius
118 2654 252 2737 quidam
285 2678 387 2742 aquae
414 2656 518 2720 Iuliae
548 2656 626 2721 illuc
659 2656 774 2721 ductus
805 2659 869 2722 est:
902 2679 965 2740 quo
994 2653 1147 2720 Claudiae

29 2757 110 2836 copiae
131 2760 293 2847 largiores
317 2785 480 2830 accessere
499 2763 639 2829 Neronis
663 2764 820 2828 beneficio
844 2761 969 2848 (Front.
984 2763 1026 2826 76
1050 2785 1080 2846 p.
1095 2762 1147 2844 29,

30 2859 74 2942 ll).
100 2866 147 2931 Ex
171 2868 224 2933 his
248 2891 346 2934 unam
370 2869 540 2952 Claudiam
564 2871 771 2954 superstitem
794 2870 887 2935 novit
906 2867 1084 2934 Frontinus
1104 2871 1146 2934 87

21 2969 102 3054 a33,
121 2975 173 3040 16:
199 2974 275 3058 ‘quo
299 2977 399 3042 fiebat
422 2980 472 3060 ut,
496 2977 644 3060 quotiens
668 2977 802 3042 refectio
826 2977 935 3062 aliqua
957 2977 1146 3041 intervenis-

29 3088 70 3143 set,
88 3079 287 3146 celeberrimi
311 3083 408 3147 colles
433 3083 576 3168 (Caelius
601 3089 634 3147 et
653 3083 851 3168 Aventinus)
874 3081 1023 3148 sitirent?
1059 3081 1147 3146 Haeo

30 3175 100 3260 igitur
121 3209 193 3251 cnm
219 3188 266 3253 ita
290 3211 324 3253 sc
347 3189 504 3275 habeant,
528 3192 607 3256 satis
628 3213 697 3255 esse
716 3212 849 3255 caussae
871 3191 1036 3256 inventum
1055 3193 1146 3272 puta·

30 3301 76 3351 uus
93 3313 144 3357 cur
162 3293 231 3358 illis
253 3294 333 3378 ipsis
352 3295 432 3362 locis
456 3319 550 3380 opus
575 3297 773 3380 aquarium
797 3297 957 3379 imprimis
976 3294 1146 3360 convenire

29 3387 156 3482 litamus,
190 3401 260 3464 sive
289 3401 327 3466 de
354 3403 460 3468 rivulo
487 3402 682 3486 cogitaveris
711 3402 779 3466 sive
807 3402 845 3466 de
874 3402 1007 3467 castello
1034 3401 1146 3465 lacuve

29 3499 62 3560 rel
80 3525 146 3568 arcu
171 3507 241 3570 sive
264 3507 303 3572 de
326 3513 424 3592 puteo
448 3509 498 3572 vel
521 3508 682 3572 consimili
706 3531 813 3592 opera,
837 3529 937 3592 eoque
957 3510 1013 3571 aut
1036 3529 1146 3571 recens

27 3599 91 3672 lacto
116 3619 170 3676 aut
198 3613 320 3680 refecto
350 3617 486 3679 tantum.
533 3613 701 3690 Quodnam
734 3637 816 3698 opus
844 3614 956 3696 fuerit,
990 3614 1145 3697 scriptum

29 3705 71 3774 luit
85 3718 141 3782 nisi
159 3719 305 3786 fallimur
328 3721 361 3786 in
385 3721 490 3804 capite
513 3720 630 3804 lapidis
654 3722 720 3786 iam
735 3721 867 3786 Marinii
892 3724 998 3784 aetate
1018 3721 1146 3785 avulso:

29 3833 72 3884 nou
91 3826 208 3892 usitato
234 3849 312 3892 sane
334 3829 453 3925 ordiris,
477 3827 532 3912 qui
551 3827 679 3892 initium
699 3829 769 3894 fieri
788 3851 808 3892 a
825 3827 955 3893 nomine
975 3827 1145 3911 magistra·

30 3923 65 3987 tm
81 3929 221 4017 iubebat,
245 3934 301 3999 sed
324 3936 433 4000 tamen
453 3956 519 3998 non
542 3933 699 4000 destituto
724 3933 888 4017 exemplis.

92 4037 126 4104 ln
152 4041 337 4106 muneribus
365 4041 537 4107 ordinariis
566 4063 675 4106 curam
704 4062 861 4126 equarum
889 4062 953 4105 non
982 4043 1056 4104 ante
1079 4039 1146 4102 Au·

33 4141 93 4215 lssflli
113 4149 260 4232 tempora
282 4149 384 4214 fuisse
408 4148 487 4212 satis
512 4147 694 4214 eFrontini
719 4145 960 4212 commentariis
985 4145 1144 4229 intellegi·
1222 4217 1234 4240 ⁹

33 4252 76 4308 tur:
95 4271 152 4333 quo
175 4257 258 4318 leste
281 4277 306 4320 c.
326 4255 369 4320 98
393 4277 422 4338 p.
442 4255 494 4338 37,
516 4255 556 4318 16
581 4252 714 4338 ‘primus
735 4253 776 4318 M.
794 4253 941 4340 Agrippa
963 4255 1039 4335 post
1063 4253 1145 4317 aedi·

33 4341 141 4440 litatem,
169 4381 265 4444 quam
298 4361 401 4446 gessit
427 4360 621 4442 consularis,
654 4382 786 4444 operum
815 4381 947 4424 suorum
980 4363 1013 4422 et
1039 4381 1146 4424 mune-

34 4471 84 4520 mu
103 4465 202 4529 velut
225 4472 397 4551 perpetuus
422 4473 552 4533 curator
566 4465 649 4550 fuit’,
672 4470 705 4532 et
719 4488 753 4530 re
768 4469 800 4530 et
819 4465 950 4530 nomine
964 4470 1145 4530 curatorem

75 4581 105 4616 ra
122 4585 266 4624 ursonaau
286 4589 418 4624 orvacvu
442 4589 478 4625 rr.
898 4573 932 4622 28
