3008 5118
356 374 565 423 narruosvu
590 373 856 436 surrqvessrms.
1114 357 1177 420 287

62 514 168 598 quitis
185 535 366 601 numquam,
380 518 464 602 quod
480 519 628 600 sciamus,
643 521 700 582 aut
718 514 923 592 NEIQVAM
947 513 1178 591 Nulovlrln

62 627 105 684 aut
124 620 289 697 NIQVAM
311 623 514 700 NIQVITIA
543 625 665 708 scripta
693 627 781 706 sunt,
813 627 922 687 tamen
950 620 984 686 id
1006 621 1127 706 ipsum,
1150 623 1179 686 si

61 729 139 792 nodo
159 730 342 812 placuisset,
364 731 511 813 potuisse
534 729 604 794 fieri
628 752 693 794 non
716 729 823 814 magis
842 751 860 793 a
879 729 1006 794 ratione
1025 727 1180 793 abhorret

60 855 138 917 quam
161 837 232 898 ante
255 835 410 921 iniquos
433 836 573 901 formam
597 835 750 920 potuisse,
774 835 859 920 quod
882 835 961 900 item
981 835 1180 918 ignoramus,

59 941 197 1023 inequos
224 943 370 1026 probari,
399 942 450 1007 vel
478 947 720 1008 exestumare
748 962 984 1026 conquerere
1016 945 1090 1006 ante
1118 963 1179 1006 ex·

59 1047 221 1112 istumare
245 1051 488 1135 conquirere:
511 1051 551 1115 dc
574 1049 689 1134 quibus
713 1071 815 1134 nuper
833 1049 898 1113 dixi
917 1047 1003 1113 Mon.
1021 1049 1120 1134 epigr.
1139 1053 1179 1114 tr.

59 1155 121 1234 pil
140 1155 247 1240 [supra
261 1180 291 1240 p.
302 1158 365 1222 140
375 1159 446 1243 sq.],
461 1157 582 1222 oblitus
597 1156 628 1222 N
631 1157 758 1222 aeviani
777 1156 863 1220 illius
878 1153 923 1218 ‘re
942 1155 1179 1240 inquaeeita’

58 1259 477 1347 apudOharisiump.186.
523 1262 658 1328 Accedit
685 1261 769 1346 quod
797 1283 837 1326 ne
865 1273 878 1325 i
906 1262 1036 1346 quidem
1067 1263 1181 1346 vocali,

57 1366 83 1428 in
106 1389 194 1450 quam
222 1368 261 1432 de
289 1393 377 1435 more
405 1391 442 1434 ae
464 1369 688 1454 diphthongus
721 1369 883 1434 transibat
915 1369 949 1432 in
982 1369 1180 1453 compositis,

57 1495 109 1536 uon
130 1475 232 1557 potuit
256 1475 402 1560 vulgaris
430 1498 591 1560 nequam
618 1475 724 1541 forma
750 1476 856 1558 nasci,
887 1477 916 1540 si
940 1475 1036 1540 modo
1059 1476 1094 1540 in
1116 1487 1180 1540 nc·

55 1589 146 1662 iquos
167 1579 309 1664 (quando
333 1581 467 1665 ancipiti
490 1604 641 1647 mensura
663 1581 727 1646 luit
749 1583 902 1667 negativa
925 1581 984 1646 illa
1014 1575 1058 1646 ne
1081 1583 1180 1664 parti·

56 1685 126 1770 cula)
147 1688 402 1772 praeponderare
425 1711 440 1753 c
463 1711 538 1773 prae
561 1690 588 1772 i,
610 1711 676 1755 non
700 1690 812 1772 iprae
835 1689 1046 1772 epulareris.
1087 1687 1180 1754 Com·

57 1794 274 1881 mandaretque,
297 1795 362 1860 nisi
386 1817 458 1860 mea
477 1817 528 1860 me
547 1795 657 1880 opinio
677 1795 772 1872 fallit,
795 1795 879 1860 hane
897 1793 1180 1859 ratiocinationem

56 1921 164 1964 omnem
186 1901 272 1966 haud
296 1903 412 1968 leviter
435 1901 523 1968 Festi
544 1925 573 1987 p.
595 1903 666 1986 165,
686 1903 730 1966 30
752 1901 921 1966 memoria:
946 1899 1119 1987 ‘negritu
1147 1901 1181 1964 in

56 2007 167 2091 auguris
199 2007 364 2092 significat
396 2007 586 2092 aegritudo’‚
623 2007 650 2072 si
679 2008 787 2072 minus
817 2007 1024 2072 obscuratam
1052 2007 1181 2072 mutila·

56 2115 165 2196 tamque
197 2089 406 2179 librdriorum
437 2115 645 2200 neglegentia
675 2113 876 2180 haberemus.
916 2113 980 2180 Vbi
1006 2114 1091 2200 quod
1118 2135 1181 2180 nc·

55 2219 142 2300 gritu
169 2221 425 2306 interpretantur
452 2221 615 2306 necritu‚
647 2220 678 2286 id
707 2243 770 2305 qua
798 2219 928 2286 tandem
951 2222 1078 2287 ratione
1108 2221 1181 2287 sub·

56 2324 139 2390 icetac
170 2351 189 2392 a
216 2329 433 2414 grammatico
463 2327 693 2414 significationi
727 2327 939 2392 conciliabis?
985 2327 1087 2404 Quem
1120 2328 1182 2393 etsi

55 2431 117 2513 quid
147 2435 316 2518 scripsisse
344 2434 449 2499 dicam
480 2455 545 2498 non
576 2433 695 2512 habeo,
715 2437 835 2498 -tamen
869 2433 950 2498 illud
982 2434 1036 2498 vix
1069 2433 1181 2500 dubito

55 2538 117 2618 quin
146 2540 275 2628 aliquod
314 2541 507 2606 vocabulum
538 2563 558 2606 a
591 2560 701 2624 negr·
735 2540 893 2624 incipiens
930 2537 1083 2626 (fortasse
1115 2561 1182 2604 non

56 2641 127 2708 aliud
151 2651 246 2732 atque
276 2645 495 2732 negritudo)
528 2647 742 2731 compositum
775 2669 845 2711 esse
873 2669 912 2710 ex
939 2667 986 2711 ne
1014 2651 1047 2710 et
1073 2667 1180 2732 aegr-

57 2749 214 2817 tradiderit.

129 2857 176 2924 Ad
199 2862 340 2945 simplex
363 2881 491 2943 nomen,
512 2859 597 2924 unde
620 2859 748 2946 defleri,
779 2859 874 2926 redeo
897 2857 1098 2924 ΑΕΟΕΤΙΑ.
1144 2859 1182 2925 ln

57 2961 130 3028 cuius
148 2966 250 3031 altera
269 2966 399 3050 syllaba
417 2967 432 3029 ἔ
451 2989 510 3052 pro
530 2971 544 3030 1
563 2967 685 3032 vocalis
704 2989 770 3031 non
788 2967 862 3052 plns
878 2967 1064 3033 offensionis
1083 2965 1183 3046 habet

57 3087 136 3147 quam
153 3072 185 3136 in
203 3093 337 3157 prorsus
357 3072 514 3157 parilibus
535 3072 714 3138 MERETO
739 3071 934 3139 SOLEDAS
961 3071 1182 3158 OPPEDEIS,

57 3192 87 3234 110
107 3177 211 3260 paullo
234 3179 465 3264 longinquiora
488 3201 658 3246 arcessam.
696 3180 833 3265 Fuitqua
855 3180 940 3246 haud
963 3180 1059 3244 dubie
1083 3181 1182 3246 etiam

58 3285 218 3365 nequetia
256 3287 431 3370 aliquando
463 3287 620 3352 usitatum
652 3293 727 3352 ante
764 3287 950 3372 nequitia.
1003 3287 1182 3372 Aliquanto

57 3385 115 3465 plus
136 3391 348 3458 dubitationis
372 3393 466 3457 facilc
490 3393 631 3476 cuipiam
661 3415 719 3477 pro
747 3414 788 3475 qu
815 3395 923 3476 posita
950 3415 966 3458 c
992 3393 1103 3458 littera
1125 3395 1183 3458 ini·

59 3491 116 3557 ciat
148 3497 232 3563 Nam
255 3494 318 3564 etsi
342 3503 471 3583 praeter
494 3521 636 3583 aequos
665 3499 828 3564 exstitisse
857 3501 955 3564 etiam
979 3523 1090 3565 accus
1119 3501 1183 3564 for·

60 3618 127 3665 mam
154 3605 232 3670 satis
261 3605 467 3688 exploratum
497 3611 560 3684 est,
596 3611 705 3670 tamen
737 3604 818 3670 haec
851 3606 978 3690 quidem
1011 3608 1183 3672 subsecuta
1197 3625 1223 3662 ²4

60 3709 98 3768 st
123 3707 244 3776 demum
273 3712 414 3776 naturali
441 3711 633 3776 necessitate
657 3733 674 3776 o
702 3713 823 3776 vocalis
851 3713 885 3775 in
913 3733 935 3775 u
962 3713 1183 3778 mutationem.

61 3807 107 3875 Sed
124 3817 229 3882 tamen
248 3817 430 3882 veterrimis
449 3819 515 3883 iam
535 3817 736 3901 temporibus
756 3817 913 3901 quaedam
934 3819 1049 3883 saltem
1071 3819 1103 3884 in
1122 3819 1184 3884 hoc

62 3935 159 3998 genere
185 3923 344 3990 vocabula
371 3947 387 3990 c
414 3926 558 3990 litteram
592 3923 745 3989 ascivisse
778 3921 856 4007 (quo
886 3923 1026 3988 fortasse
1059 3926 1183 4010 quiris

62 4027 146 4090 euris
172 4029 325 4116 pertinet)
347 4031 518 4117 potissimo
546 4031 739 4096 documento
770 4052 849 4095 corn
883 4051 952 4094 con
985 4033 1184 4117 praepositio

62 4133 112 4213 est,
132 4133 174 4199 sic
193 4138 316 4222 scripta
334 4161 392 4223 pro
416 4160 527 4223 quom
550 4159 615 4204 non
634 4139 666 4204 iu
683 4137 910 4221 antiquissimo
929 4141 1056 4203 tantum
1076 4139 1184 4224 elogio

63 4231 202 4320 Scipionis
233 4241 368 4308 Barbati
402 4246 422 4310 f.
455 4242 779 4328 (COSENTIONT),
812 4243 891 4308 item
925 4244 959 4308 in
990 4247 1185 4328 pervetustis

63 4341 151 4411 titulis
171 4347 344 4415 Venusinis
372 4347 397 4414 Ι.
420 4351 457 4415 lt.
481 4349 520 4415 N.
545 4351 617 4416 715.
644 4351 707 4414 116
736 4349 783 4427 [C.
806 4349 830 4416 I.
854 4349 888 4414 L.
919 4350 987 4418 In.
1009 4353 1081 4420 185.
1108 4355 1183 4434 186]

64 4441 281 4529 (CONSOLTV
305 4455 620 4542 CONSVLVERE),
644 4457 699 4522 sed
718 4462 846 4542 practer
865 4463 972 4524 cetera
992 4458 1026 4524 in
1041 4457 1185 4543 OOSOL,
