2984 5122
309 399 595 448 onsnuvnmonas
619 399 886 451 nmoannmcna.
1103 385 1170 448 445

43 562 122 604 senus
143 540 164 606 l
188 563 214 606 s.
237 563 262 606 s.
285 541 476 626 disceptavit
499 542 537 606 de
560 543 807 628 magistratibus
825 542 1038 626 dubitatione,
1060 547 1170 608 tamen

43 647 178 730 quoniam
204 649 334 734 singula
360 649 506 734 nomina,
537 651 564 715 si
593 651 812 736 exemplorum
842 650 1051 715 similitudine
1079 651 1170 714 meti-

41 775 107 838 mur,
127 777 186 819 nec
210 755 277 820 fere
299 755 411 822 XVIII
434 757 618 823 litterarum
642 758 800 824 ambitum
824 779 986 843 superare,
1007 779 1066 821 nec
1086 757 1170 822 iufra

40 881 223 926 novenarum
248 885 416 928 numerum
440 864 616 930 subsistere
638 867 828 949 potuerunt,
850 864 1018 949 probabile
1042 868 1093 927 cst
1112 885 1169 927 nco

40 967 211 1048 pauciorum
241 993 339 1055 quam
368 972 508 1057 quinque
535 995 594 1037 neo
624 957 763 1056 plinium
792 995 888 1057 quam
916 976 1042 1056 septem
1069 971 1170 1034 bomi-

40 1094 102 1136 num
124 1075 258 1140 nomina
280 1079 480 1163 praescripta
502 1079 611 1144 fuisse.

460 1505 736 1575 ADDENDA.

115 1643 271 1730 1³23.le
291 1647 384 1714 initio
409 1651 520 1734 [supra
539 1673 568 1734 p.
587 1651 667 1732 432]
692 1649 789 1714 etiam
813 1647 935 1713 finitius
955 1647 1018 1711 dici
1042 1651 1172 1732 poterat

39 1771 87 1814 nco
118 1751 238 1816 maiore
275 1753 447 1818 intervallo
482 1777 541 1820 nec
578 1756 644 1820 alia
680 1756 806 1819 ratione
845 1755 887 1818 ab
920 1753 1090 1818 usitatiore
1119 1731 1171 1836 ὦ

40 1857 131 1940 figura
150 1859 232 1924 hano
250 1839 285 1922 d
303 1859 433 1944 distare,
448 1882 544 1944 quam
564 1861 866 1946 aquinquagenarii
885 1859 1012 1924 numeri
1030 1859 1171 1943 pristina

39 1961 132 2028 forma
155 1959 194 2030 ὼ
219 1987 290 2030 eam
314 1971 426 2031 notum
451 1988 547 2050 quam
572 1966 750 2050 lapidarius
771 1965 909 2031 adscivit
932 1965 969 2032 l.
992 2003 1029 2012 -
1055 1965 1171 2030 Paullo

39 2075 105 2135 aute
128 2072 308 2157 disceptata
334 2072 350 2136 Ι
379 2072 508 2136 litterae
540 2071 625 2136 falsa
658 2072 781 2156 species
810 2093 906 2155 quam
939 2070 1034 2136 facile
1065 2070 1171 2134 fraudi

40 2199 100 2240 esse
127 2180 243 2262 possit,
275 2178 310 2243 in
340 2179 411 2262 ipso
435 2179 597 2245 Tolosano
630 2177 738 2261 lapide
766 2178 851 2242 inter
878 2175 1108 2243 c-nnuonl
1139 2181 1172 2240 et

40 2281 252 2350 o-nvndaNI
277 2285 392 2350 umbra
414 2286 472 2350 illa
495 2285 590 2349 docet
617 2305 683 2348 non
707 2284 873 2349 dissimilis
896 2285 1025 2348 litterae
1049 2305 1171 2365 exesae,

40 2411 126 2471 quam
156 2413 221 2456 non
256 2393 446 2457 miraremur
479 2414 537 2476 pro
566 2390 582 2454 Ι
614 2389 762 2455 habitum
796 2391 837 2456 ab
873 2391 982 2475 aliquo
1010 2391 1171 2475 imperito.

41 2494 120 2570 Quae
141 2497 169 2561 si
192 2497 367 2563 Matinium
390 2521 591 2584 nequaquam
619 2497 749 2578 fefellit,
779 2502 815 2562 at
841 2499 982 2562 incuriae
1005 2497 1171 2562 cuiusdam

41 2601 230 2670 documentis
258 2605 341 2688 illis,
372 2627 455 2689 quae
477 2627 506 2689 p.
527 2603 557 2668 V
580 2604 647 2668 ima
671 2605 751 2684 [430
770 2607 830 2688 sq.]
860 2604 1041 2689 composui,
1073 2603 1171 2667 ctiam

41 2712 258 2792 praetermissa
280 2711 313 2776 in
338 2733 432 2776 versu
456 2711 476 2775 3
499 2709 549 2796 (2)
572 2711 790 2794 interpunctio
812 2710 945 2774 accedit.
