3148 5126
428 350 597 400 roueouu
620 349 765 400 nassum
788 350 934 400 rourum.
1211 337 1252 401 21

116 491 248 580 (quando
273 495 314 560 ad
339 494 501 560 coloniam
529 493 733 560 duumvirum
760 495 974 580 magistratus
999 493 1138 582 spectat)
1167 517 1253 562 meu·

117 602 227 666 tionem
255 625 323 670 non
353 624 451 688 posse
484 623 551 668 non
581 601 796 684 posteriorem
826 622 897 664 esse
924 599 1120 684 Vespasiani
1148 605 1254 668 aetate

114 709 305 792 persuadeat,
327 709 362 775 id
385 701 534 774 lubenter
557 707 749 792 accipimus,
772 707 829 772 sed
852 708 900 772 ita
923 707 1108 792 accipimus,
1130 713 1254 774 utnon

114 815 199 880 tertio
221 816 335 900 potius
359 837 456 901 quam
480 814 619 881 secundo
638 837 669 900 p.
684 811 758 880 Chr.
774 814 902 879 saeculo
922 814 1088 899 elegantes
1104 811 1148 879 M.
1163 813 1253 881 Pou-

113 939 199 986 rouu
220 919 377 988 Bassum
401 921 575 988 versiculos
599 921 790 986 tribuamus.
836 919 885 984 Ac
907 919 946 984 de
968 920 1101 986 homine
1124 921 1253 1004 quidem

111 1026 174 1110 ipro
196 1049 264 1094 uon
289 1030 363 1114 plus
387 1033 588 1113 compertum
612 1027 770 1092 babemus
794 1049 892 1112 quam
910 1025 1152 1091 Mommsenius.
1185 1025 1254 1092 Nec

110 1133 216 1200 mirum
250 1135 431 1201 memoriae
462 1135 545 1200 nihil
575 1128 751 1220 proditum'
772 1154 842 1197 esse
872 1131 911 1198 de
940 1132 1127 1198 fabularum
1154 1137 1253 1217 poeta

109 1262 166 1305 uon
183 1263 324 1308 scaenae
344 1244 547 1327 scriptarum,
570 1240 627 1306 sed
649 1241 798 1324 privatae
822 1238 1033 1306 oblectationi
1057 1243 1090 1305 et
1112 1240 1251 1307 fortasse

109 1347 256 1414 familiari
286 1348 481 1414 recitationi.
525 1345 612 1412 Nam
641 1347 703 1412 etsi
734 1346 931 1432 agendarum
964 1345 1148 1412 fabularum
1178 1369 1250 1414 cum

108 1456 301 1541 trug'carum
329 1459 400 1520 tum
424 1454 618 1522 comicarum
647 1475 740 1520 usum
769 1453 1079 1539 spectandorumque
1107 1455 1251 1521 studium

107 1585 141 1626 uc
162 1569 282 1648 quarto
305 1563 437 1649 quidam
466 1568 499 1629 et
521 1563 634 1648 quinto
657 1585 688 1647 p.
708 1559 783 1628 Chr.
807 1561 937 1628 saeculo
968 1561 1034 1627 ullo
1058 1561 1153 1628 modo
1178 1585 1249 1629 exo·

109 1669 214 1736 lauisse
242 1672 344 1757 plane
375 1671 533 1756 pleneque
562 1673 704 1753 constat,
735 1669 928 1755 praesertim
956 1672 1131 1753 postquam
1153 1668 1250 1755 louge

107 1775 325 1844 enrditiasima
357 1776 578 1861 disputatione
614 1776 677 1842 hoc
716 1797 817 1862 genus
849 1775 1037 1840 uniuersum
1069 1774 1251 1842 clarissima

107 1882 136 1946 in
165 1883 236 1950 luce
270 1883 503 1950 wnrcrrrvs
538 1887 649 1950 noster
685 1883 794 1968 posuit
830 1883 869 1948 de
906 1881 1085 1967 tragoediis
1122 1882 1249 1968 graccis

106 1991 160 2057 rol.
178 1990 229 2056 111
252 2015 285 2076 p.
307 1991 393 2056 1472
409 2013 486 2076 sqq,
508 1993 619 2056 tamen
637 1989 809 2075 Pomponii
831 1987 960 2073 quidem
980 1987 1163 2054 comoedias
1182 2011 1249 2056 non

107 2119 169 2162 esse
192 2098 233 2163 ad
258 2096 419 2182 populum
447 2097 539 2162 datas
568 2119 641 2162 curn
664 2117 702 2161 eo
726 2096 807 2162 satis
835 2096 905 2180 ipse
929 2095 1137 2180 significavit,
1164 2097 1249 2182 quod

106 2205 226 2270 butum
250 2204 369 2270 metis
391 2205 557 2269 mandatas
579 2203 675 2268 dixit:
704 2223 764 2268 nec
791 2202 879 2266 enim
907 2201 992 2268 credi
1015 2205 1124 2287 potest
1146 2203 1249 2269 multo
1257 2223 1303 2264 vrr
1369 2286 1374 2296 .

105 2310 313 2378 illustriorem
336 2311 465 2378 laudem
489 2309 621 2376 silentio
650 2309 936 2395 praetermissurus
965 2309 1081 2376 brisso:
1113 2314 1183 2376 tum
1210 2333 1249 2376 ex

106 2419 266 2486 scaenicae
285 2419 396 2504 poesis
415 2417 595 2484 rationibus
615 2416 784 2501 universis,
811 2417 923 2500 quales
942 2415 1073 2482 fuerunt
1091 2417 1248 2502 posterio-

104 2525 186 2592 ribus
211 2526 362 2610 saeculis,
391 2515 545 2610 colligere
572 2524 657 2590 licet.
702 2522 852 2608 Namque
881 2525 954 2610 ipsa
981 2524 1038 2590 illa
1064 2523 1248 2591 fabularum
1322 2545 1324 2552 ·

105 2631 282 2717 frequentia
310 2654 377 2697 nou
405 2635 454 2698 est
481 2631 523 2697 ad
551 2630 755 2716 antiquitatis
784 2631 967 2716 exemplum
995 2631 1035 2696 de
1063 2631 1184 2698 fabulis
1216 2635 1249 2698 et

104 2741 190 2806 noris
214 2743 249 2804 et
273 2737 355 2804 actis
379 2736 634 2822 interpretanda,
662 2736 717 2801 sed
740 2737 789 2802 ita
811 2739 934 2823 potius,
963 2738 1026 2803 nisi
1054 2739 1165 2805 omnia
1187 2738 1245 2806 fal·

105 2844 182 2928 lunt,
205 2845 310 2911 menti
333 2843 551 2928 informanda,
578 2847 615 2908 ut
637 2843 779 2909 discreta
801 2844 922 2908 fuerint
944 2844 1007 2910 duo
1030 2865 1163 2929 genera:
1191 2868 1246 2910 no·

106 2973 220 3036 rarum,
244 2973 329 3037 quae
351 2971 417 3015 non
440 2953 620 3036 agerentur,
643 2951 700 3016 sed
717 2950 931 3016 recitarentur
949 2953 1087 3034 tantum,
1110 2953 1143 3016 et
1161 2953 1246 3016 acta·

107 3080 171 3124 rum
192 3060 228 3124 in
252 3078 383 3140 scaeua,
405 3077 488 3142 quac
512 3078 578 3122 non
600 3077 702 3122 norae
726 3059 849 3140 esseut,
872 3055 928 3122 sed
951 3061 1077 3124 veteres
1101 3061 1244 3124 veterum

108 3170 280 3248 poetarum.
325 3164 371 3230 Et
394 3164 433 3229 de
456 3161 699 3248 tragoediarum
722 3161 850 3246 quidem
875 3162 1086 3248 scriptoribus
1114 3164 1176 3230 hoc
1199 3165 1246 3232 ita

108 3269 289 3339 ll'elclrerus
313 3294 344 3356 p.
371 3271 463 3336 1442.
491 3269 575 3334 1459
591 3290 660 3354 sqq.
683 3268 854 3354 persuasit,
876 3273 913 3334 ut
936 3273 1029 3334 actae
1054 3291 1123 3335 csse
1140 3293 1245 3338 norae

108 3379 284 3465 tragoediae
316 3379 393 3462 post
423 3375 563 3442 Neronis
600 3375 771 3458 imperium
808 3374 916 3440 nullae
953 3376 1136 3462 rideantur,
1171 3382 1247 3461 post

109 3485 261 3550 luvenalis
286 3489 395 3550 autem
419 3485 559 3547 aetatem
582 3503 622 3546 ue
645 3482 798 3547 recitatae
821 3481 951 3568 quidem
969 3503 1086 3572 norae,
1110 3483 1165 3548 sed
1188 3506 1246 3569 per

109 3591 223 3677 aliquot
254 3591 458 3658 saeculorum
484 3589 655 3654 decursum
682 3587 756 3654 inde
784 3587 825 3653 ab
853 3587 1011 3654 Hadriani
1043 3589 1245 3673 temporibus

110 3697 190 3764 solae
221 3703 345 3764 veteres
377 3697 428 3763 vel
460 3699 550 3762 actae
583 3695 633 3761 vel
665 3695 828 3762 recitatae.
878 3695 1000 3772 Quodsi
1038 3699 1123 3760 recte
1159 3695 1244 3760 idern

111 3827 137 3886 p.
159 3806 241 3871 1476
268 3803 425 3870 iudicarit
459 3802 580 3868 diutius
613 3803 711 3868 etiam
743 3825 841 3888 quam
871 3801 1112 3868 comoediarum
1143 3803 1245 3886 perri·

111 3889 210 3994 gui'sse
232 3909 474 3996 tragoediarum
498 3907 655 3974 studium:
686 3907 879 3992 praesertim
906 3929 979 3972 oum
1006 3908 1243 3974 comoediarum

110 4013 184 4083 be.
206 4018 417 4104 palliatarum
448 4015 483 4080 in
513 4016 619 4082 locum
652 4015 685 4080 iu
713 4014 781 4078 dies
811 4019 905 4079 aucto
933 4013 1059 4079 fervore
1086 4016 1242 4098 probatus

113 4125 217 4192 mimus
239 4123 436 4192 succederet:
462 4123 558 4189 facile
581 4123 650 4188 fieri
679 4121 862 4188 coniectura
889 4125 1011 4206 potest,
1039 4119 1167 4206 quando
1191 4121 1242 4185 de·

85 4231 185 4316 ¹risus
204 4231 442 4298 comoediarum
464 4230 597 4316 scriptio
621 4229 775 4295 rideatur.
810 4227 1007 4314 Tragoedias
1031 4227 1085 4312 qui
1108 4251 1243 4294 scaenae

114 4337 277 4422 scripserit,
305 4359 400 4402 nemo
428 4342 503 4422 post
526 4335 738 4422 Pomponium
763 4334 943 4402 Secundum
972 4340 1243 4401 commemoratur

115 4439 228 4509 Neroua
250 4444 430 4528 imperante
453 4443 522 4509 rita
545 4443 745 4509 defunctum:
769 4443 824 4527 qui
838 4441 1031 4524 recitationi,
1053 4461 1149 4506 nemo
1166 4445 1242 4524 poet
