2984 5122
328 373 394 439 464
440 391 486 439 ou
511 390 780 441 nncmnlrrons
806 393 953 454 ornain
977 369 1109 443 narmi
1132 395 1380 445 nrconmrrorr.

329 537 417 600 tione
445 537 495 600 vel
524 541 613 601 aetas
638 537 790 602 Plautius
821 540 871 603 vel
899 543 1015 623 poetae
1043 540 1241 605 consuetudo
1266 542 1431 623 expresserit

329 644 361 707 id
386 645 471 726 quod
494 644 571 708 fecit
596 666 672 708 sane
696 645 876 709 communis
904 669 981 710 usus
1009 646 1044 711 in
1068 647 1218 730 genetivo
1241 646 1312 730 fili,
1335 647 1432 710 lucilius

328 751 440 834 quaeri
464 773 561 835 quam
585 753 774 835 responderi
797 759 958 836 putamus.
977 791 1021 800 —
1040 752 1191 818 Ceterum
1211 754 1250 818 ad
1267 757 1395 818 neutrum
1409 759 1434 817 ut

328 857 471 940 redeam,
500 858 710 923 Bentleianee
739 859 773 923 in
797 859 950 924 Terentio
979 862 1180 926 coniecturae
1209 861 1339 925 alterum
1358 883 1436 924 excu-

327 965 417 1046 plum
440 966 567 1050 neglexi
591 987 723 1048 prorsus
752 966 927 1049 gemellum
955 967 1039 1051 quod
1070 971 1119 1031 cst
1146 967 1181 1031 in
1203 966 1344 1051 Hecyrae
1368 990 1436 1031 versu
1482 1003 1483 1020 κ

328 1069 367 1155 V,
394 1074 422 1154 1,
446 1073 502 1135 24:

329 1195 417 1276 dlid
442 1214 469 1276 si
489 1215 614 1297 scirem,
638 1213 697 1299 qur‘
713 1215 841 1279 firmare
860 1218 964 1280 meam
985 1218 1069 1301 apud
1089 1239 1147 1281 uos
1166 1219 1296 1301 possem
1315 1217 1396 1282 fidem
1407 1256 1437 1280 —.

327 1356 379 1420 lta
402 1357 531 1440 quidem
555 1355 722 1420 Bentlcius
746 1381 805 1441 pro
830 1381 867 1423 eo
892 1359 976 1443 quod
1000 1364 1050 1423 est
1072 1360 1106 1423 in
1130 1360 1224 1425 libris
1246 1362 1345 1450 Altae
1362 1365 1386 1425 si
1403 1363 1438 1424 sci-

326 1484 399 1526 rem.
445 1463 660 1545 Transposuit
682 1462 910 1529 Fleckeisenus
933 1465 971 1529 Si
992 1467 1082 1530 eliud
1101 1467 1224 1530 scirem:
1252 1468 1384 1531 dubitari
1403 1489 1438 1550 po·

326 1573 391 1632 test
409 1593 485 1633 num
505 1570 569 1633 alio
589 1571 696 1652 potius
715 1571 873 1636 vocabulo
892 1573 1092 1656 transposito
1111 1578 1209 1656 poeta
1227 1573 1348 1638 dederit
1360 1570 1440 1636 'rlliul

326 1677 354 1740 si
376 1677 496 1754 serrem,
524 1681 651 1758 stratore
678 1680 732 1759 qia
755 1679 841 1760 cipcd
866 1701 920 1744 uos
947 1701 1045 1744 racem
1063 1683 1187 1762 possem
1207 1683 1307 1763 sidoni.
1350 1681 1439 1765 Exqui-

327 1783 420 1846 sitius
446 1805 514 1846 csse
538 1804 637 1846 nicam
660 1786 746 1865 apud
767 1806 822 1849 *reos
843 1788 934 1867 fidem
962 1808 1028 1850 non
1051 1809 1103 1851 me
1126 1787 1224 1872 fugit:
1254 1789 1311 1852 sed
1334 1789 1440 1872 exquisi-

329 1890 392 1952 tius
417 1891 515 1954 etiem
540 1891 630 1954 (iliad
651 1892 680 1955 si
702 1893 810 1956 scirem
834 1898 884 1956 est
907 1916 1003 1978 quam
1027 1895 1056 1958 si
1077 1895 1168 1958 aliud
1187 1897 1303 1959 scirem.

415 1997 588 2061 Praeterea
615 1999 720 2062 tribus
751 2000 859 2063 verbis
889 2001 1034 2082 aperiam
1068 2023 1122 2064 eur
1150 2001 1191 2066 ab
1223 2001 1285 2067 hac
1317 2002 1441 2066 socictate

327 2105 383 2167 illa
406 2105 614 2188 seiunxerim,
638 2128 719 2189 quae
744 2129 806 2170 non
832 2107 929 2169 mirer
953 2108 980 2170 si
1005 2107 1045 2170 ad
1070 2108 1203 2172 eandem
1225 2109 1441 2174 similitudinem

327 2211 472 2294 proxime
497 2212 645 2274 accedere
666 2213 799 2276 dixeris:
823 2212 1050 2278 articularis
1074 2215 1340 2298 articularius,
1362 2215 1442 2280 auri·

326 2317 438 2380 liaris
480 2318 728 2403 auxiliarius,
775 2319 966 2383 iocularis
1008 2320 1238 2405 iocularius,
1281 2319 1441 2405 lapidaris

326 2423 560 2508 lapidarius,
597 2425 756 2489 molaris
790 2419 1214 2510 melarius,'palmaris
1247 2427 1442 2512 palmarius,

325 2532 539 2616 singularis
578 2533 832 2616 singularius,
878 2532 1020 2596 talaris
1062 2534 1244 2619 talarius,
1286 2533 1441 2599 tutelaris

325 2639 548 2715 tutelarius,
586 2639 762 2722 uulgaris
801 2640 1017 2724 uulgarius,
1054 2645 1087 2705 et
1114 2641 1141 2705 si
1170 2664 1251 2725 quae
1279 2643 1360 2706 forte
1389 2648 1442 2703 sunt

326 2745 454 2808 similia.
500 2744 621 2808 Verum
647 2745 725 2809 haec
754 2747 917 2810 contraria
945 2748 1053 2830 potius
1081 2749 1208 2812 ratione
1232 2747 1294 2812 hac
1317 2758 1443 2833 reguntur

325 2853 425 2936 quod,
449 2874 520 2914 cum
544 2851 707 2934 longiores
733 2851 855 2916 formas
880 2856 969 2916 aetas
994 2854 1159 2938 antiquior
1181 2854 1363 2939 probasset,
1390 2853 1443 2916 sul·

325 2963 452 3022 secutae
485 2959 614 3022 demum
649 2961 724 3022 sunt
754 2959 928 3025 breviores
975 2958 1074 3024 Velut
1101 2960 1253 3025 Plautum
1282 2961 1442 3026 Terentium

285 3094 308 3130 rr
326 3065 508 3149 Turpilium
528 3063 683 3129 Catonem
701 3063 843 3129 Novium
864 3067 1036 3130 Afranium
1058 3067 1239 3151 horumque
1260 3067 1442 3151 pedisequum

326 3172 481 3252 Gellium,
504 3172 698 3253 posteriores
723 3173 832 3234 autem
856 3174 1030 3255 scriptores
1054 3174 1160 3238 nullos
1181 3180 1329 3239 auctores
1348 3174 1442 3237 habent

325 3278 591 3358 articularios,
615 3278 814 3361 melarius,
843 3280 1072 3364 palmarius,
1102 3281 1358 3366 singularius,
1382 3277 1442 3342 nul·

325 3384 470 3468 garine:
508 3406 683 3466 paucorum
718 3389 886 3469 utramque
918 3385 1057 3450 formem
1089 3389 1161 3471 ipsa
1192 3389 1258 3453 iam
1292 3387 1441 3471 antiquitai

324 3493 502 3555 adsciverat
526 3496 562 3554 ut
585 3492 799 3556 iocularius
825 3494 1012 3558 iocularis
1036 3500 1081 3578 et,
1104 3493 1286 3560 Varronem
1311 3497 1340 3559 si
1361 3495 1440 3558 inau-

323 3599 422 3682 tiquis
442 3598 603 3680 habueris,
623 3598 852 3682 singularis:
877 3599 1114 3664 auxiliarius
1138 3601 1229 3665 iustu
1248 3607 1346 3686 atque
1362 3597 1439 3664 auri·

323 3707 438 3770 liaris
462 3704 568 3768 haesit
592 3705 677 3788 apud
696 3706 901 3789 posteriores,
920 3706 975 3769 sed
991 3706 1123 3770 Plautus
1143 3711 1252 3772 tamen
1272 3731 1367 3772 unum
1383 3701 1438 3769 illud

323 3814 428 3876 novit:
461 3811 586 3874 nullum
611 3815 718 3874 exstat
749 3811 905 3876 eiusmodi
934 3814 1130 3896 exemplum,
1159 3836 1221 3897 quo
1251 3815 1329 3880 olim
1352 3813 1438 3897 prola·

323 3925 389 3984 tam
418 3918 598 3982 breviorem
626 3919 765 3981 formam
794 3919 929 3983 cessisse
958 3921 1156 4002 productiori
1185 3916 1438 3995 demonstreturf]

439 4071 535 4078 .-..«

411 4149 437 4216 l³)
457 4148 534 4202 Nihil
554 4148 608 4202 huc
628 4149 721 4203 valere
741 4147 878 4202 inferioris
899 4148 961 4202 aevi
980 4150 1109 4218 exemplu
1127 4149 1269 4221 intellegis
1284 4153 1363 4221 quale
1377 4147 1435 4202 hals·
1482 4171 1483 4174 ¹

324 4239 591 4292 lll‘OLLlNAlllVS
622 4238 641 4293 l.
667 4240 698 4291 ll.
724 4239 757 4292 N.
784 4245 865 4306 1667,
899 4243 1047 4307 postquam
1077 4256 1127 4308 per
1154 4242 1245 4296 multa
1274 4242 1377 4296 saecula
1400 4247 1435 4285 nr*

324 4327 564 4379 al‘OLLanltlS
585 4327 674 4380 forma
693 4327 812 4396 probata
831 4331 880 4383 cst.
897 4359 928 4367 -
946 4329 1016 4381 Vter
1030 4329 1084 4382 hac
1097 4330 1242 4384 occasione
1262 4331 1296 4383 nd
1312 4321 1434 4397 supplendi

324 4431 356 4466 cu
370 4431 441 4482 quae
456 4415 491 4467 de
504 4415 671 4468 llAlterllS
687 4417 777 4469 lorrna
791 4418 941 4485 supradixi
958 4435 983 4485 p.
994 4424 1024 4470 12
1036 4419 1122 4488 [leel.
1152 4419 1261 4472 Etenim
1273 4407 1433 4471 Blfls'sllr'

324 4503 487 4557 nominativi
507 4504 600 4557 nescio
621 4507 760 4572 quomodo
776 4507 876 4560 Latina
895 4507 1023 4576 exempla
1042 4524 1086 4560 rue
1106 4507 1238 4576 sugerunt
1257 4507 1275 4564 l.
1292 4507 1320 4558 ll
1336 4503 1363 4556 ll.
1379 4503 1426 4552 llll
