2984 5122
227 381 231 387 ’
318 395 604 444 oassavarrosss
629 395 894 444 uruonsmucns.
1113 381 1177 446 437

58 561 112 602 101
138 537 224 602 modo
256 543 448 622 argumento
481 539 616 624 firmari,
648 539 703 604 sed
735 561 775 604 ne
808 539 932 604 ratione
965 539 1094 624 quidem
1128 541 1179 605 vel

58 644 143 710 iuberi
157 645 204 710 vel
218 644 435 710 commendari
454 645 699 730 intellegamus:
722 646 901 731 largiamur
916 645 1058 714 Sullanis
1078 647 1179 732 potis-

57 752 155 816 simum
177 750 374 835 temporibus
397 752 530 836 factum,
552 753 669 837 quibus
691 753 795 818 fracta
817 753 993 818 tribunicia
1015 757 1179 838 potestate

55 858 197 922 senatoria
220 859 395 924 auctoritas
420 860 610 925 reviruerat:
644 865 678 925 at
705 861 768 925 duo
796 863 872 926 suut
895 883 976 946 quae
999 882 1066 925 non
1089 861 1179 946 igno·

54 987 152 1048 remus,
170 963 430 1051 Goettlingianae
449 967 652 1032 coniecturae
668 967 853 1032 edversario
874 971 909 1032 ut
927 967 1011 1054 quod
1030 969 1179 1034 maxime.

53 1071 177 1137 Primum
200 1073 284 1137 enim
310 1072 437 1138 additae
461 1073 580 1158 tribus,
609 1074 660 1138 eui
683 1074 732 1139 vel
757 1075 863 1160 legem
887 1075 1178 1160 1031110101,ωο-

52 1179 144 1243 sulens
166 1182 314 1244 senatum
337 1181 549 1266 magistratus
573 1181 752 1265 adscriptus
775 1181 883 1265 fuerit,
906 1182 1086 1266 exemplum
1111 1205 1179 1248 orn·

50 1287 113 1352 nino
139 1286 262 1353 nullum
293 1291 413 1354 exstat:
446 1289 474 1353 si
507 1287 603 1352 modo
631 1285 782 1354 Cornelia
809 1287 843 1354 Ο,
869 1289 1048 1354 Antonium
1077 1289 1178 1356 fuisse

50 1393 206 1480 credamus,
229 1395 316 1480 quod
340 1395 447 1479 ipsum
470 1395 505 1458 in
528 1395 599 1458 sola
624 1394 809 1460 coniectura
832 1396 983 1480 positum.
1029 1395 1178 1461 Alterum

49 1505 97 1583 est,
118 1501 197 1585 quod
221 1495 298 1586 post
322 1503 427 1586 legem
449 1501 638 1586 Pompeiam
669 1501 746 1566 anni
770 1503 849 1586 684,
876 1525 940 1586 qua
967 1503 1105 1568 liberum
1128 1501 1178 1566 ius

49 1608 141 1693 legum
165 1607 369 1674 ferendarum
393 1608 534 1673 tribunis
558 1607 742 1672 restitutum
768 1613 831 1692 est,
855 1613 1105 1674 consentaneum
1130 1612 1179 1672 est

48 1715 176 1797 profecto
204 1715 266 1781 bos
293 1737 358 1780 non
385 1715 421 1780 de
447 1715 547 1779 senari
573 1715 722 1778 sententio
755 1733 887 1798 rogasse
917 1735 971 1778 eas
999 1714 1088 1799 leges
1116 1715 1178 1780 dici

48 1844 115 1904 quas
137 1845 193 1888 sua
216 1823 510 1907 potiuspotestate
538 1821 714 1906 rogabant,
746 1821 873 1886 etiamsi
902 1821 1035 1907 rogandi
1067 1825 1179 1886 auctor

48 1933 162 1994 senatus
185 1931 316 1995 fuisset:
341 1928 374 1994 0.
394 1932 501 1994 autem
521 1927 700 1994 Antonium
725 1927 779 1992 ‘M.
799 1927 820 1993 f.
839 1927 873 1995 O.
891 1927 934 1992 n.'
958 1926 1178 2013 Goettlingius

46 2035 263 2120 iuterpretatur
282 2035 324 2100 M.
338 2035 424 2100 Tulli
438 2033 602 2100 Ciceronis
622 2033 656 2099 in
680 2034 851 2100 consulatu
874 2057 902 2100 a.
917 2035 979 2100 691
1002 2035 1178 2119 conlegam.

46 2141 106 2217 Quo
126 2142 174 2207 vel
197 2143 281 2208 illud
304 2141 428 2208 accedit
451 2142 536 2227 quod
560 2143 593 2206 in
616 2141 701 2206 hanc
720 2145 859 2207 aetatem
879 2141 952 2226 ipsa
970 2145 1003 2206 et
1022 2143 1178 2208 sermonis

45 2253 74 2311 et
91 2249 293 2316 litteraturae
318 2249 439 2332 species
463 2249 629 2334 aliquanto
657 2248 764 2312 minus
789 2271 886 2332 quam
910 2249 945 2313 in
969 2271 1089 2314 annum
1114 2251 1178 2315 682

47 2355 169 2422 101683
192 2357 359 2440 convenit,
388 2357 439 2422 cui
467 2357 604 2440 tempori
627 2358 704 2441 post
726 2354 839 2421 Henr.
864 2355 927 2421 Ed.
950 2355 1178 2422 Dirlrsenum

45 2463 72 2527 in
87 2462 259 2530 ‘Versuche
279 2485 334 2528 zur
353 2463 464 2529 Kritilr
483 2464 549 2529 und
564 2462 756 2549 Ausleguug
774 2464 830 2529 der
844 2463 980 2540 Quellen
999 2463 1178 2530 (1001111111-

45 2569 130 2636 schen
152 2571 292 2636 Rechts’
316 2571 415 2654 (libro
440 2569 568 2655 Lipsiae
592 2593 619 2636 a.
643 2572 726 2636 1823
751 2567 852 2658 edito)
877 2595 908 2656 p.
926 2571 987 2636 158
1012 2571 1179 2635 verissime

44 2676 115 2742 hane
149 2679 256 2763 legem
290 2677 546 2744 Mommsenus
584 2676 700 2742 tribuit
735 2677 769 2742 in
802 2675 935 2762 Bergkii
967 2675 1179 2761 Caesarisque

44 2781 150 2850 lliariis
175 2787 276 2870 antiq.
299 2785 382 2850 stud.
406 2784 536 2850 111846
557 2807 586 2868 p.
606 2785 680 2850 106:
705 2783 833 2869 quando
857 2783 924 2847 illis
948 2781 1077 2867 quidem
1100 2787 1179 2848 tem-

43 2893 163 2972 poribus
191 2893 322 2958 citiores
351 2891 464 2976 lingua
491 2912 587 2975 quam
616 2913 674 2974 pro
702 2889 867 2974 paucitate
894 2910 1052 2954 annorum
1075 2895 1178 2956 muta·

43 2998 136 3064 tiones
159 3000 269 3064 subire
293 2998 392 3064 solite
415 3000 473 3062 est.

119 3105 251 3172 11010010Ι
281 3105 382 3190 igitur
405 3103 598 3188 Goettlingii
627 3103 852 3188 supplemento
879 3105 1039 3188 reliquum
1067 3110 1118 3170 est
1142 3109 1179 3170 ut

43 3211 76 3275 ad
97 3213 288 3297 complenda
312 3213 419 3299 spatia
442 3211 549 3276 mutili
568 3209 692 3276 exordii
710 3209 796 3276 viam
816 3211 881 3276 iam
902 3209 1069 3297 aSigonio
1090 3235 1178 3278 mon-

42 3323 181 3400 stratam,
204 3343 273 3386 1101
295 3320 489 3403 conlectam,
513 3317 691 3382 recolamus
716 3317 922 3402 sociatosque
946 3317 980 3384 C.
1000 3318 1178 3386 Antonium

43 3423 90 3490 Cn.
112 3426 298 3493 Comolium
322 3423 357 3490 O.
380 3423 582 3489 Fundanium
606 3445 678 3488 cum
703 3423 895 3508 quibusdam
920 3425 993 3490 aliis
1017 3428 1178 3492 communi

43 3533 164 3600 consilio
187 3555 323 3620 rogasse
346 3533 450 3617 legem
479 3531 518 3596 de
541 3529 792 3596 Thermensibus
821 3535 1010 3598 statuamus.
1057 3532 1179 3610 Quodsi

42 3640 161 3708 tabulae
193 3642 319 3728 primae
355 3641 480 3724 primus
513 3661 624 3702 vorsus
662 3661 760 3702 unum
794 3660 913 3703 nomen
944 3642 978 3702 et
1010 3639 1178 3706 dimidium

42 3747 132 3830 capit,
163 3770 291 3813 summa
321 3747 460 3812 eflicitur
493 3767 548 3810 sex
578 3745 745 3810 nominum
777 3767 836 3829 per
867 3749 1019 3829 quattuor
1050 3747 1177 3812 tabulas

42 3853 240 3936 scriptorum:
270 3853 386 3938 quibus
411 3855 520 3918 iuncto
545 3853 711 3918 Fundanio
740 3855 863 3936 septem
893 3851 1015 3917 tribuni
1039 3853 1082 3936 pl.
1105 3875 1177 3938 pro-

42 3957 131 4026 deunt
153 3965 322 4048 rogatores
346 3961 435 4047 legis.
469 3959 611 4036 Quorum
635 3960 838 4024 tribunorum
861 3960 956 4042 plena
975 3959 1108 4024 nomina
1126 3959 1177 4022 de·

42 4087 102 4130 cem
124 4072 260 4152 apparet
282 4089 321 4130 ne
345 4067 484 4152 quinque
509 4066 636 4150 quidem
661 4066 789 4130 tabulas
814 4068 965 4150 capturas
989 4064 1098 4150 luisse,
1122 4067 1177 4131 sod

42 4194 90 4234 sex
110 4173 247 4240 demum.
280 4173 409 4239 Novam
433 4173 500 4238 sore
524 4173 718 4258 quibusdam
741 4178 930 4258 rogatorum
952 4176 1076 4237 tantam
1098 4174 1176 4238 mul-

43 4277 204 4346 titudinem
229 4281 444 4366 suspieamur:
473 4281 630 4366 equibus
658 4285 767 4346 tamen
796 4279 993 4365 quaerimus,
1021 4303 1083 4365 quo
1107 4285 1177 4346 tsn-

43 4384 107 4450 dem
129 4387 337 4454 fundamento
362 4387 523 4454 tralaticia
547 4388 656 4472 opinio
680 4388 811 4470 nitatur,
837 4409 901 4472 qua
925 4394 981 4452 aut
1004 4409 1086 4452 unus
1110 4388 1177 4472 ple-

44 4511 166 4578 rumque
193 4500 251 4561 aut
273 4495 336 4560 duo
366 4499 492 4560 tantum
521 4499 703 4580 rogatores,
735 4496 786 4560 rel
819 4499 856 4558 ut
887 4495 1005 4560 rectius
1033 4496 1176 4562 dicemus
