2984 5122
432 389 711 438 erremus-svn
736 389 758 436 ι.
1105 369 1171 436 505

54 537 184 617 quantam
209 533 249 597 ab
278 555 305 597 a
324 531 399 618 391,
431 533 453 600 i.
472 555 497 598 e.
522 555 542 598 a
564 531 801 598 communicata
830 552 902 595 cum
930 529 1067 615 plebeiis
1098 552 1171 618 eon·

53 640 133 705 solari
153 639 314 726 dignitate,
336 640 377 704 ad
396 663 425 705 a.
439 641 505 706 433
523 639 623 704 fuisse
642 639 743 724 vides,
765 660 832 704 non
850 638 1068 704 consularium
1088 637 1168 702 mul-

52 746 197 810 titudinem
218 746 290 811 inde
314 747 356 812 ab
379 769 408 811 a.
426 747 493 812 434
517 767 644 812 summa
666 744 885 812 consularium
909 743 1096 809 constantia
1119 765 1169 808 ex·

50 853 124 936 cipit,
151 853 215 918 lieri
243 854 297 918 vix
324 857 434 938 potest
463 854 542 939 quin
570 852 608 918 de
636 875 721 920 nova
750 851 822 937 lege
846 852 956 936 aliqua
979 851 1169 935 cogitemus,
1268 923 1272 932 ,

50 981 100 1042 quc
120 960 196 1024 circa
217 960 298 1026 illud
321 960 428 1046 ipsum
451 965 579 1045 tempus
607 961 676 1026 lata
704 961 743 1026 ed
767 959 938 1044 pristinam
963 958 1168 1023 severitatem

49 1065 192 1132 dictatoris
219 1068 340 1132 creatio
368 1071 521 1133 revocata
548 1067 607 1132 eit:
638 1067 728 1132 cuius
757 1066 839 1152 legis
869 1089 946 1132 casu
973 1063 1170 1129 factumest

48 1175 76 1236 ut
94 1173 203 1238 mentio
225 1173 318 1239 nulla
341 1177 480 1258 superet
525 1173 649 1240 Mansit
672 1177 782 1239 autem
810 1195 849 1238 ea
871 1172 1040 1255 seueritas,
1071 1171 1098 1236 si
1127 1171 1168 1236 ab

48 1301 98 1342 uno
114 1279 147 1356 Q.
164 1277 338 1346 Hortensio
362 1281 438 1346 unni
458 1281 586 1346 circiter
600 1281 664 1345 467
685 1279 918 1364 diecesaeris*)‚
941 1278 982 1343 ad
1000 1276 1043 1342 M.
1062 1276 1167 1342 Minu·
1182 1301 1244 1344 xm

47 1385 114 1450 cium
142 1409 197 1471 per
226 1387 391 1474 integrum
425 1387 600 1468 saeculum,
632 1393 710 1472 post
735 1386 947 1454 Hortensium
978 1407 1037 1471 per
1066 1407 1169 1452 annos

46 1493 191 1578 sexaginte
213 1494 370 1578 quinque:
394 1494 478 1559 unde
501 1493 664 1578 intellegis
687 1515 752 1560 non
771 1497 899 1558 tantum
918 1513 992 1558 raro
1012 1493 1169 1578 exemplo,

45 1603 72 1661 ut
96 1597 273 1666 dicebamus
301 1622 413 1686 supra,
446 1599 502 1666 sed
529 1601 709 1684 rarissimo,
741 1600 841 1664 immo
874 1621 975 1683 prope
1009 1599 1168 1684 singulari

44 1727 95 1770 nou
120 1707 318 1779 consularem
342 1706 519 1772 Minucium
548 1729 617 1771 esee
645 1707 835 1772 dictatorem
861 1704 993 1772 dictum.
1042 1704 1169 1770 Licebit

43 1811 127 1896 igitur
147 1813 184 1880 de
207 1813 367 1900 singulari
386 1835 500 1878 caussa
523 1813 631 1899 aliqua
650 1817 719 1879 tum
737 1812 908 1878 insolentie
929 1812 976 1876 rei
995 1813 1167 1897 suspicari:

43 1919 115 1984 velut
136 1919 172 1984 de
198 1919 340 1986 factioso
369 1919 475 1986 studio
504 1919 672 2003 gentilicio
695 1917 739 1982 M.
757 1917 891 1983 Minucii
920 1918 1073 2002 consulis,
1104 1940 1167 2002 quo

42 2025 64 2088 is
87 2025 147 2091 sive
172 2029 292 2111 patruo
325 2029 393 2092 sive
420 2027 516 2092 fratri
548 2025 688 2112 patrueli
719 2025 967 2112 gratificaretur:
1004 2047 1080 2091 nam
1113 2027 1168 2090 ille

41 2151 120 2214 quam
151 2133 292 2218 superbo
323 2133 616 2218 intemperantique
648 2133 779 2217 ingenio
809 2131 920 2214 fuant,
957 2132 1168 2218 quadriennio

40 2243 102 2318 post
121 2241 276 2327 magister
298 2241 442 2324 equitum
470 2239 551 2304 eatis
575 2239 734 2323 probavit.
778 2236 914 2314 Qualem
939 2259 1087 2305 causeam
1111 2241 1168 2305 ubi

40 2344 131 2410 animo
153 2345 394 2430 informaveris,
417 2345 498 2411 illud
521 2367 647 2430 quoque
671 2349 723 2410 sat
745 2345 880 2430 procliui
904 2347 1089 2412 coniectura
1113 2346 1167 2412 ad·

39 2471 168 2536 sequare,
199 2453 394 2518 dictatorem
422 2451 497 2538 quid
525 2452 733 2537 potissimum
762 2453 900 2517 mouerit
927 2459 964 2519 ut
986 2475 1045 2538 pro
1069 2455 1169 2539 legio·

38 2577 102 2622 num
123 2557 337 2625 Minuciarum
366 2560 470 2624 salute
498 2564 595 2643 atque
618 2559 851 2644 prosperitate,
884 2559 1012 2624 excluso
1036 2558 1072 2624 Ρ.
1090 2559 1168 2626 Cor·

39 2663 102 2727 uelii
124 2667 278 2750 exercitu,
301 2669 414 2732 votum
438 2667 624 2750 susciperet.
652 2702 689 2712 -
716 2663 867 2730 Ceterum
891 2666 1022 2730 Herculi
1044 2667 1166 2751 simpli·

38 2769 105 2834 citer
126 2777 235 2839 uotum
259 2773 317 2838 ille
340 2773 482 2848 iaciebat
500 2793 558 2858 pro
578 2771 715 2838 victoria
735 2771 884 2856 militari,
906 2795 966 2856 pro
986 2795 1050 2857 qua
1069 2773 1166 2838 etiam

38 2877 171 2945 usitatius
197 2879 332 2946 Heracli
355 2878 470 2945 Victori
501 2878 649 2944 consules
676 2883 882 2962 praetoresve
915 2877 1056 2963 plurimi.
1101 2879 1166 2944 Vix

37 2987 128 3050 eutem
151 2992 201 3052 est
225 2985 313 3072 quod
335 3007 522 3052 moneamus
545 2985 636 3050 nullo
667 2985 918 3050 constructionis
941 2985 1069 3052 uinculo
1094 3007 1166 3052 cum

37 3087 97 3171 ipso
117 3093 213 3159 titulo
237 3093 411 3178 principali
433 3093 599 3178 legionum
627 3113 778 3157 numeros
801 3093 975 3177 contineri,
1003 3093 1058 3158 sed
1082 3115 1166 3159 seor·

37 3217 96 3262 eum
117 3199 149 3264 in
171 3199 273 3266 latere
297 3198 479 3284 adscriptos
503 3221 573 3264 esse
596 3199 758 3264 consolida
781 3199 988 3285 antiquitatis
1012 3199 1166 3283 simplici·

36 3303 100 3368 tate.
142 3305 230 3383 Quos
262 3307 411 3390 licuerat,
444 3305 473 3370 ei
504 3304 682 3390 placuisset
714 3309 746 3371 et
778 3329 848 3372 mos
880 3306 996 3372 aetatis
1030 3306 1167 3392 tulisset,

36 3411 136 3476 ceteris
164 3413 198 3478 in
220 3413 285 3478 fine
314 3413 360 3478 sic
387 3415 528 3478 nectere:
561 3411 700 3476 VOVIT
716 3447 722 3460 ·
738 3409 1084 3478 PRO-b·I·XXVI
1116 3413 1167 3478 vel

36 3512 534 3586 ruo-sntvunbtnxvl
558 3519 626 3584 sive
649 3517 971 3586 Pnovlououln
995 3520 1104 3584 males.

111 3781 136 3850 ³)
154 3783 216 3838 Nisi
239 3781 312 3838 forte
334 3782 400 3838 huic
424 3783 543 3838 alterum
567 3783 725 3854 exemplum
753 3783 911 3840 addendum
939 3785 982 3840 est
1006 3783 1053 3840 (ln
1074 3783 1166 3838 Fulvii

36 3863 75 3919 Cn.
92 3867 109 3923 l.
128 3869 175 3929 Gn.
192 3891 219 3928 n.
238 3871 354 3926 Maximi
378 3871 536 3928 Centumali
559 3871 705 3928 dictatoris
734 3888 760 3927 a.
780 3877 845 3942 tel,
874 3873 922 3926 sed
944 3873 1055 3928 tantum
1081 3872 1166 3928 ‘clevi

35 3953 251 4024 figendicauasa’
272 3961 353 4016 dictis
373 3979 457 4031 quem
474 3961 589 4016 tametsi
608 3959 726 4016 eundem
746 3959 844 4016 baberi
863 3977 926 4015 cum
940 3959 1054 4015 consule
1073 3977 1097 4018 a
1114 3965 1165 4016 lte

35 4043 114 4115 rideo,
130 4051 224 4106 tumen
237 4051 331 4108 nescio
346 4067 380 4106 an
395 4050 569 4121 probabilius
585 4049 685 4106 abillo
704 4053 736 4106 ut
754 4049 841 4104 adum
855 4048 1019 4120 distinguas.
1035 4081 1067 4090 -
1088 4049 1167 4106 Aliae

35 4135 156 4199 qondam
179 4140 304 4196 eiusdem
327 4139 438 4212 geneda
462 4138 652 4195 dubitationes
676 4138 722 4194 bic
744 4137 875 4208 persequi
897 4138 1012 4209 longum
1041 4141 1091 4194 eet.
1135 4141 1166 4194 ln

36 4226 190 4282 eontrarium
208 4231 331 4300 partem,
350 4233 382 4284 nt
399 4229 454 4284 boc
473 4229 544 4296 utar,
564 4228 641 4284 valet
659 4227 734 4298 quod
754 4243 853 4282 causae
871 4244 926 4283 non
945 4230 1064 4298 apparet
1082 4247 1130 4284 cur
1149 4245 1167 4283 a

36 4314 136 4370 conrnle
158 4316 225 4372 enni
242 4323 295 4372 402
318 4317 445 4373 diversus
468 4317 582 4386 putetur
605 4313 738 4386 magister
761 4314 885 4384 equitum
909 4315 976 4370 anni
994 4321 1046 4370 422
1070 4317 1098 4372 P.
1111 4317 1165 4372 Va·

35 4395 109 4456 leriae
129 4403 284 4476 Poplicola,
317 4407 362 4463 vel
385 4421 403 4462 a
425 4423 480 4462 cos.
504 4423 529 4461 a.
548 4411 599 4462 50⁷
626 4421 700 4477 mag.
724 4421 767 4474 eq.
791 4421 816 4460 a.
836 4411 888 4461 ⁶³0
911 4407 946 4463 N.
964 4404 1067 4461 Fabius
1090 4405 1127 4462 Μ.
1146 4405 1165 4460 f.

36 4484 67 4542 ld
83 4505 107 4544 u
125 4492 220 4550 Buteo.
