3008 5118
247 406 497 454 AthIOLOGIAr:
522 405 674 454 narrare
698 405 959 454 coaounarcrvrr.
1113 387 1179 452 245

59 551 198 638 graphicis
219 571 282 616 non
305 549 437 634 desunt,
460 571 542 636 quae
564 569 681 634 prosae
705 549 861 615 orationis
885 549 970 616 falsa
994 549 1100 634 specie
1125 549 1178 612 de-

58 659 159 743 cepisse
181 658 447 743 epigrammatum
478 657 714 743 conquisitores
742 657 867 722 mirere.
912 657 992 722 Eius
1020 655 1065 721 rei
1091 655 1177 720 lucu·

57 767 128 830 lento
156 765 343 831 documento
375 763 605 830 Fabrettianus
637 763 752 829 titulus
785 763 850 846 111,
873 765 915 830 28
945 785 975 848 p.
1002 762 1063 828 123
1097 767 1178 846 esto,

56 873 148 940 ductus
176 871 223 939 ‘ex
251 873 377 939 schedis
397 871 566 938 Vaticanis
594 871 679 957 apud
703 872 738 940 P.
762 871 936 937 Ciacouem
961 871 1021 936 sub
1039 869 1177 940 Pincio’:

55 983 89 1044 sic
118 981 197 1046 enirn
236 981 430 1066 subscripsit
461 979 655 1044 Fabrettius.
713 977 796 1044 Ecce
828 976 947 1063 lapidis
982 977 1175 1061 scripturam

54 1087 166 1153 ‹limidia
187 1087 235 1154 sui
256 1091 351 1173 parte
374 1086 493 1153 mutili:

145 1211 170 1290 Q
213 1247 221 1264 ·
266 1213 302 1280 Μ
323 1212 355 1277 Α
377 1209 456 1278 Rc
502 1247 831 1278 .......
862 1244 883 1274 κ.
931 1261 938 1276 .
984 1261 991 1276 .
1190 1224 1249 1268 vm

143 1319 263 1386 HAVE
287 1317 432 1387 DVLCE
456 1317 615 1386 NOBEIS
639 1317 764 1384 ΝΟΜΕ
811 1365 1030 1384 .....

143 1425 371 1492 STEPHANE
395 1425 531 1492 VITAE
555 1423 756 1492 NOSTRAE
803 1475 810 1488 .
856 1473 863 1490 .
909 1477 916 1490 .
963 1475 970 1490 .

142 1531 257 1600 VERE
281 1531 526 1599 CHORONAM
550 1531 606 1597 TE
630 1530 761 1598 ACEPI
808 1579 816 1596 .
861 1581 868 1596 .
915 1581 921 1594 .
967 1581 974 1596 .

143 1638 325 1706 MOSCHJS
348 1639 439 1706 TVA
462 1639 519 1704 TE
543 1637 741 1704 SALVTAT
764 1637 874 1704 ETD
920 1687 928 1702 .
974 1689 980 1703 .
1027 1687 1034 1704 .

141 1747 195 1812 ET
217 1745 399 1812 BLANDA
421 1743 579 1811 DVLCIS
602 1743 719 1812 PVPA
742 1743 873 1810 DELIO
919 1795 926 1811 .
972 1795 979 1810 .
1025 1793 1033 1810 .

140 1854 194 1922 ET
216 1851 343 1931 QVEM
365 1851 425 1918 TV
448 1851 546 1918 TVIS
569 1850 769 1917 MANIBVS
792 1850 854 1916 NV
901 1901 908 1916 .
954 1903 961 1918 .
1007 1903 1014 1918 .

141 1959 342 2026 OFATVM
365 1957 603 2025 INFELICEM
627 1957 704 2036 QVI
727 1958 782 2024 TE
805 1957 835 2024 N
882 2010 889 2024 .
936 2011 943 2025 .
989 2011 996 2024 .

141 2067 260 2134 HAVE
285 2063 427 2132 CASTA
450 2063 646 2130 CONIVNX
671 2063 728 2130 ET
751 2065 785 2130 Μ
824 2117 832 2131 .
877 2115 885 2132 .
931 2115 938 2130 .
984 2115 991 2130 .

141 2174 258 2240 HAVE
282 2172 336 2238 Ml
358 2171 552 2238 DIODORE
576 2169 721 2248 AMIOE
740 2171 826 2238 FRA
872 2225 879 2240 .
926 2225 933 2238 .
978 2225 985 2240 .

139 2281 232 2348 ΝΛΜ
254 2281 314 2349 ΕΤ
339 2281 465 2348 AMICI
488 2277 660 2346 OFHCIA
682 2278 740 2344 ET
763 2279 923 2346 PIETAT
971 2332 977 2346 .
1024 2331 1031 2348 .
1077 2333 1084 2346 .

140 2388 259 2455 HAVE
285 2388 401 2455 PVPA
424 2385 606 2453 BLANDA
629 2385 775 2452 ANIMA
799 2385 833 2451 M
879 2437 886 2452 .
933 2435 940 2454 .
988 2437 995 2453 .

140 2496 259 2574 QVEM
283 2494 434 2562 NVPER
456 2493 671 2560 PARARAM
694 2493 755 2558 VT
779 2493 870 2558 ΗΑΒ
916 2545 923 2562 .
969 2547 976 2562 .
1023 2547 1030 2562 .

50 2635 134 2704 Huius
155 2639 240 2706 tituli
264 2645 347 2726 quot
369 2659 490 2722 versus,
519 2643 571 2703 tot
593 2638 660 2703 fere
684 2659 754 2704 esse
778 2637 980 2704 senariorum
1004 2639 1173 2724 principie,

50 2745 92 2828 qui
116 2747 247 2832 aliquem
276 2745 358 2812 artis
386 2769 480 2810 usum
507 2746 641 2830 habeat,
677 2745 893 2830 persentiscat
919 2749 1048 2830 oportet
1075 2745 1171 2812 simul

50 2857 127 2936 atque
151 2855 250 2920 oculis
280 2853 485 2938 percurrerit.
529 2852 581 2917 Ad
609 2835 859 2918 sententiarumX
872 2857 980 2917 autern
1013 2851 1171 2918 rationem

50 2959 117 3040 quod
138 2961 267 3046 attinet,
296 2961 339 3025 ab
367 2960 461 3026 initio
490 2963 624 3046 apparet
647 2959 684 3036 Q.
703 2958 817 3024 Marcii
841 2957 1077 3024 adlocutionem
1102 2983 1172 3024 csse

50 3064 80 3128 ad
100 3071 250 3134 mortuam
274 3090 409 3134 uxorem
433 3065 619 3153 Stephaueu
642 3067 873 3152 pertinentem,
899 3064 933 3131 in
956 3087 1057 3150 eaque
1085 3065 1171 3130 adlo-

50 3173 155 3239 cutione
173 3176 370 3241 mentionem
390 3173 460 3239 fieri
479 3173 697 3240 communium
716 3172 892 3238 liberorum
914 3177 1079 3258 quattuor:
1102 3171 1169 3236 Mo·

51 3277 159 3364 schidis,
184 3281 317 3348 alterius
342 3280 509 3346 cuiusdam
532 3280 619 3346 filiae
642 3279 731 3344 cuius
754 3301 872 3344 nomen
897 3301 917 3344 a
939 3279 969 3344 D
993 3278 1102 3346 littera
1126 3279 1169 3344 iu·

50 3383 120 3470 cipit,
139 3389 249 3456 tertiae
269 3389 397 3474 puellae
416 3387 467 3454 cui
481 3387 591 3474 Pupae
609 3409 736 3470 nomeu,
759 3391 924 3470 postremo
943 3387 1067 3470 pueruli
1091 3393 1169 3452 natu

53 3490 165 3560 minimi.
200 3493 262 3562 Sed
281 3495 359 3582 quid
382 3517 451 3561 esse
475 3494 555 3560 illud
574 3495 727 3578 dicamus,
749 3491 835 3578 quod
854 3491 1056 3577 paenultimo
1076 3515 1171 3558 versu

52 3597 144 3666 cedem
173 3603 286 3669 blondo
313 3601 406 3686 Pccpa
437 3601 495 3668 illa
528 3599 638 3687 (quam
667 3623 745 3668 care
780 3623 838 3688 pro
867 3599 982 3666 blondo
1003 3621 1092 3682 pcqca
1121 3599 1170 3664 vel

52 3701 159 3772 ccciccc
174 3731 261 3794 papa
279 3707 435 3796 accipias)
458 3709 642 3795 appellatur
661 3709 807 3775 vocativo
827 3731 912 3792 casu,
931 3711 1047 3792 quarto
1062 3711 1170 3772 eutem

52 3813 137 3878 efiue
158 3815 315 3882 adlocutio
343 3817 381 3881 fit
402 3837 467 3882 non
490 3815 530 3880 ad
554 3813 740 3900 Stephanen
769 3835 901 3880 uxorem
924 3817 1088 3898 spectans,
1115 3815 1171 3878 aed

53 3917 82 3980 ad
106 3921 236 4006 aliquem
258 3921 436 3989 Diodorum
464 3923 626 3988 amicum?
672 3921 760 3998 Quae
789 3945 860 3988 cum
889 3943 1003 4006 parum
1026 3920 1113 3986 inter
1136 3945 1169 3986 sc

54 4045 205 4110 congruere
228 4031 332 4116 primo
356 4035 488 4115 aspectu
513 4029 690 4113 videantur,
717 4051 783 4094 una
805 4029 876 4095 sola
899 4030 953 4095 via
975 4030 1169 4118 explicatum

54 4133 77 4192 ct
96 4135 297 4202 certissimum
327 4141 360 4202 et
387 4137 683 4204 commodissimum
710 4137 949 4204 nanciscuntur.
994 4136 1169 4204 Enimvero

55 4245 159 4304 erecte
180 4243 325 4328 suppletu
348 4267 386 4310 eo
410 4259 514 4330 versu,
536 4245 590 4330 qui
613 4243 745 4330 quintus
769 4267 788 4310 a
811 4245 874 4310 fine
898 4249 956 4329 est,
979 4245 1080 4312 totius
1104 4245 1168 4332 epi-

127 4379 226 4388 -..-.,,-

58 4426 185 4492 ssmnniani
202 4435 253 4494 fide
272 4437 399 4496 substitit
413 4439 591 4508 Ritechelius‚
605 4437 806 4510 Cominianum,
820 4439 997 4511 Aegyptium,
1014 4439 1169 4506 Cimoliam,

59 4514 247 4590 LuPoiiurntsun
265 4507 425 4586 coniectura
443 4547 506 4586 asos
524 4545 619 4586 omnes
633 4527 798 4602 suspicatum
818 4531 853 4586 ci.
864 4531 961 4588 Euarr.
977 4551 1003 4604 p.
1015 4539 1056 4588 71.
1077 4531 1168 4604 C.W.]
