3108 5142
294 306 314 370 4
609 325 832 376 seiornnoivn
857 331 1125 379 muanarnrovn.

296 490 406 530 versus
431 473 519 532 tenet
542 475 575 534 ct
598 495 637 535 nc
661 496 716 537 eos
736 475 864 558 quidem
888 475 1041 560 integros.
1075 475 1304 538 Gruterianam
1323 474 1423 556 310,1

294 577 327 635 et
352 575 477 657 plenius
506 581 537 640 et
567 579 754 664 diligentius
778 582 869 645 [lom.
894 583 961 648 coil.
992 582 1059 645 ead.
1083 603 1155 665 pag.
1180 585 1319 645 testatur
1342 582 1426 646 basim

294 703 363 744 esse
386 704 455 747 crim
477 692 672 766 snpraslanlo
694 694 798 752 slalna
815 690 945 771 viminis
970 689 1101 753 Vestalis
1124 694 1274 770 repertam
1295 690 1328 752 in
1345 687 1430 752 bortis

292 788 399 852 Γαῖον.
423 790 524 856 Circeii
552 794 585 856 in
609 794 769 875 Eamnliis
795 817 824 860 a.
852 799 950 878 1591,
974 799 1006 858 et
1029 795 1196 878 praeclara
1219 794 1430 858 emendatione
1526 877 1527 880 Ἴ

294 893 394 959 EIVS
419 919 447 960 v.
474 898 513 962 13
537 899 570 962 in
590 898 731 963 ETlAlll
751 922 904 964 converso
924 924 940 963 e
959 901 1050 964 nulla
1069 901 1226 983 optimam
1247 901 1354 965 effecit
1372 923 1430 964 ver·
1519 960 1526 976 ,,

294 1001 409 1067 borum
428 1007 701 1071 constructionem
719 1007 817 1070 hana:
838 1006 955 1071 Caeliae
975 1006 1160 1072 Concordiae
1186 1007 1308 1088 Virpini
1329 1006 1432 1070 Vestali
1521 1014 1526 1043 ²

294 1110 458 1175 Maximae
488 1113 592 1176 Fabia
622 1113 761 1177 Paulina
792 1113 824 1177 Ο.
848 1114 886 1178 F.
916 1119 1051 1177 statuam
1080 1114 1257 1192 lacinnlam
1284 1114 1432 1178 conlocan-
1525 1124 1526 1174 l

267 1241 279 1278 a
293 1217 424 1298 claraeque
442 1221 561 1284 curavit
574 1241 643 1284 cam
657 1224 783 1302 propter
797 1222 948 1310 cprcpiam
962 1223 1028 1284 cias
1038 1220 1222 1300 pinnatam
1236 1219 1435 1302 insipncmpne
1521 1267 1526 1291 ,

295 1327 376 1389 circa
398 1327 513 1391 calliam
532 1329 671 1392 (lionmm
689 1329 889 1404 sctrictitalcm,
913 1333 978 1390 tnui
996 1329 1077 1408 priorl
1093 1327 1164 1391 liaeo
1181 1328 1272 1408 prior
1291 1328 1430 1391 eliacim
1493 1381 1496 1384 ,

294 1431 389 1496 Vallia
421 1435 538 1516 Aponio
571 1435 766 1500 Praclcalala
805 1435 837 1500 V.
870 1434 916 1512 ll,
950 1436 1055 1498 onrnia
1091 1434 1260 1516 ampula-ri,
1295 1435 1435 1516 clipeoque

293 1541 405 1603 oliam
437 1541 476 1604 ab
505 1541 681 1607 latin-smodi
708 1543 878 1623 viminibus
909 1547 937 1605 cl
968 1542 1173 1606 sacerdotibus
1200 1541 1270 1624 coli,
1303 1545 1429 1604 stirlrma

293 1647 512 1733 coruncanum)
550 1649 661 1713 Etiam
685 1649 897 1732 lapicidarum
918 1649 1058 1712 fabricas
1078 1647 1218 1711 Romani
1238 1647 1356 1711 codicis
1379 1647 1435 1709 col·
1518 1628 1523 1661 ⁵

294 1753 396 1817 lector
419 1759 672 1837 perreptaverat.
718 1755 760 1818 In
783 1757 870 1819 clarno
894 1757 1054 1819 cniusdam
1079 1757 1229 1837 lapicidae
1251 1755 1338 1835 apiid
1360 1753 1437 1818 cale-

294 1860 375 1922 sinm
397 1859 431 1924 S.
453 1861 580 1925 Mariae
607 1862 803 1925 Laenalanac
831 1885 850 1924 a
878 1885 912 1925 se
940 1867 1102 1946 repertam
1131 1881 1213 1924 nnnc
1235 1862 1287 1924 aia
1313 1863 1437 1926 Ostiensi
1519 1938 1522 1947 Ι

296 1968 426 2032 invilla
449 1968 634 2033 Solomonia
657 1968 779 2033 servari
803 1973 943 2032 testatur
966 1969 987 2032 f.
1012 1970 1103 2032 aona
1122 1967 1350 2032 Gruterianam
1370 1967 1437 2046 aaa,
1518 1987 1522 2017 =

294 2074 325 2155 4,
344 2094 361 2136 e
379 2073 492 2138 Sancto
511 2073 656 2139 Caesario
674 2076 717 2139 acl
736 2075 869 2140 Tiberim
889 2080 1073 2159 promptam
1093 2074 1268 2139 seeundum
1284 2073 1436 2138 Smetium
1519 2141 1522 2163 ¹,

296 2203 345 2263 ap.
375 2186 463 2246 Grut.
512 2181 610 2245 Cuius
635 2205 663 2246 v.
692 2184 712 2245 2
741 2182 866 2246 POMP.
895 2183 1053 2266 integrius
1087 2182 1221 2264 praebet
1250 2205 1308 2265 pro
1339 2179 1439 2258 Poll,

296 2309 323 2350 v.
348 2287 367 2348 τ’)
398 2285 645 2362 QVAESTORI
677 2310 735 2370 pro
765 2287 1003 2362 Qvnns'ron.
1050 2287 1131 2350 Item
1164 2289 1199 2350 in
1225 2291 1279 2352 oia
1308 2291 1437 2369 quadani
1521 2322 1522 2326 =

293 2395 379 2474 (rpiirl
401 2395 570 2458 lllaccllam
594 2393 808 2468 Calumniari
830 2396 1005 2459 colamnam
1031 2396 1204 2458 Traianum
1227 2399 1298 2459 anto
1321 2397 1438 2459 (lonium

294 2502 454 2564 nrinsrlam
478 2502 628 2582 lapicidae
647 2500 875 2564 Gruterianam
894 2503 968 2584 407,
988 2503 1017 2584 8,
1042 2525 1137 2585 quam
1158 2499 1299 2565 Smetias
1320 2502 1438 2565 viderat

295 2610 329 2672 in
356 2610 445 2672 vinna
472 2609 637 2672 Francisci
665 2608 810 2671 lllonlani
838 2607 925 2672 (loelli
954 2611 997 2671 acl
1027 2609 1111 2672 aiam
1134 2609 1336 2672 Flaminiam
1358 2615 1440 2673 calm

289 2721 414 2797 portam
434 2716 688 2780 Flumentanam.
723 2713 950 2778 Gruterienanr
977 2716 1048 2797 109,
1072 2717 1091 2778 n
1113 2715 1211 2779 codex
1230 2737 1294 2780 non
1315 2721 1439 2781 tantum

293 2824 328 2888 in
355 2824 478 2887 ecclesia
505 2822 538 2887 S.
562 2823 688 2886 litaniae
715 2823 749 2884 in
777 2821 903 2884 Portica
932 2822 966 2885 in
993 2823 1060 2884 secla
1088 2821 1211 2884 Praese.
1239 2822 1355 2906 fuisse,
1385 2822 1436 2885 secl

293 2952 376 2994 ruina
401 2953 469 2994 esse
493 2931 579 3009 ‹nnnl
600 2928 642 2992 l).
666 2927 712 2991 Ia.
732 2928 892 2991 Andrcnm
916 2930 951 2991 cla
973 2928 1087 2992 llnbeis
1110 2933 1278 3011 memorat,
1303 2933 1439 2994 ceterum

294 3059 359 3100 non
384 3035 583 3118 discrepante,
614 3034 677 3096 nisi
707 3033 792 3116 quod
820 3035 935 3098 ultimo
964 3058 1057 3098 versu
1086 3035 1184 3118 plena
1211 3057 1289 3099 voce
1314 3036 1440 3100 exhibet

295 3140 585 3206 svikni)
621 3141 652 3205 h.
690 3164 714 3205 e.
752 3137 804 3224 (ut
837 3164 887 3224 ap.
921 3140 1093 3204 Gruterum
1128 3142 1187 3223 77),
1227 3143 1253 3206 l.
1295 3145 1377 3224 194,
1413 3143 1440 3204 a

297 3249 481 3312 lteinesium
496 3247 520 3330 l,
540 3248 604 3311 255
625 3245 717 3332 alibi)
736 3269 794 3311 saa
808 3250 941 3328 pecunia
959 3250 1074 3311 «lomna
1094 3245 1158 3334 (vel
1178 3248 1270 3332 clorio)
1289 3251 1441 3323 (laterani,

295 3355 358 3419 nisi
394 3355 495 3418 mavis
533 3356 694 3437 (Inclamat,
730 3356 936 3436 (lanfrancum,
974 3355 1023 3418 vel
1057 3355 1277 3418 clalicaccrnnl.
1333 3355 1441 3438 Expli-

295 3486 367 3526 care
396 3463 481 3526 euim
512 3462 590 3526 talia
623 3463 826 3544 quantumvis
855 3467 935 3526 nota
968 3463 1070 3525 satius
1100 3461 1262 3544 duximus,
1295 3462 1350 3544 qui
1379 3482 1441 3523 non

295 3571 430 3635 cruditis
456 3570 564 3654 potius
588 3592 684 3652 quam
708 3570 800 3633 vobis
830 3571 1017 3633 scribamus
1045 3607 1081 3615 -
1108 3569 1159 3632 Ad
1189 3568 1319 3632 eosdem
1343 3567 1442 3631 terta<
1529 3633 1530 3642 ¹

301 3679 432 3744 coenobii
459 3677 490 3740 S.
520 3675 606 3740 Pelii
632 3676 675 3739 acl
707 3676 837 3740 Vincula
864 3677 897 3739 in
926 3675 993 3740 cod.
1022 3674 1128 3758 Rom,
1156 3676 1267 3738 eodem
1296 3675 1316 3737 f.
1346 3675 1444 3754 mna,

297 3792 392 3870 atque
417 3809 465 3868 ap.
491 3785 582 3846 llrut.
606 3784 683 3865 984,
712 3783 731 3844 9
762 3783 932 3865 utrobique
962 3783 1078 3844 mutila
1102 3782 1271 3865 inscriptio
1295 3782 1441 3859 refertur,

296 3895 384 3958 cuius
420 3916 447 3955 v.
476 3892 495 3954 3
527 3895 559 3954 et
588 3891 608 3954 l)
632 3888 925 3954 PHILVMENAE
951 3912 967 3951 e
991 3890 1100 3954 codice
1125 3888 1358 3953 restituendum
1383 3909 1440 3970 pru

297 3996 571 4062 l‘lllLOlllNilll
609 3997 754 4061 inaudita
793 3999 913 4078 l‘orrna,
949 3997 999 4059 cui
1040 4019 1105 4060 non
1139 3997 1215 4059 licet
1246 3994 1439 4079 praesidium

298 4097 406 4188 potero
436 4127 472 4166 cx
501 4103 580 4166 item
609 4107 758 4186 corrupto
784 4101 1041 4166 l‘lllLOblENt)
1070 4126 1118 4186 ap.
1147 4102 1264 4166 Mutat.
1293 4101 1366 4181 979,
1393 4101 1440 4162 ll.

298 4212 402 4288 Quid?
431 4211 514 4294 quod
544 4211 705 4274 dubitatio
734 4214 836 4273 restat
865 4211 963 4273 ctiam
998 4211 1036 4272 cle
1066 4209 1313 4273 PlllLVMan
1339 4209 1439 4272 farina

368 4441 392 4509 *J
414 4439 497 4510 [vnio
517 4457 588 4492 nunc
608 4439 635 4492 a.
658 4439 674 4491 1.
698 4439 726 4492 u.
747 4439 792 4500 vi.
815 4449 826 4492 1
849 4460 872 4494 n.
894 4447 970 4495 eno.
1009 4444 1038 4494 n.
1059 4440 1114 4510 W]
