2984 5122
321 358 387 423 496
558 375 702 424 rursum
725 375 951 424 1111111111
974 375 1237 424 nrmsnrmoru

323 521 356 583 in
382 541 444 604 quo
465 524 515 584 est
533 516 1423 610 1110111011-11111118111080111117111111111110-

322 627 484 703 Qvolvs
495 663 500 675 ·
512 625 707 691 POPVLVS
723 661 730 676 ·
745 626 966 690 IMPERIVM
978 663 984 676 ·
996 626 1089 692 CVM
1099 625 1425 691 oleumcum-ln-

320 733 452 798 PERIO
462 769 468 781 ·
480 732 783 809 AEQVAVERAT
797 767 804 782 ·
820 733 878 796 ΕΤ
890 769 896 782 ·
906 733 1148 798 EXERGITVI
1158 767 1164 781 ·
1176 731 1426 798 PROFLIGATO·

322 839 552 904 SVBVENIT.
607 838 691 902 Eum
729 841 834 924 igitur
863 841 1058 925 magistrum
1092 841 1239 924 equitum
1270 862 1306 904 eo
1334 838 1428 903 {aihu

321 946 482 1030 quispiam
507 946 690 1029 suspicetur
714 951 815 1010 semet
835 947 943 1030 ipsum
965 945 1157 1011 dictatorem
1176 944 1307 1028 dixisse,
1325 945 1429 1029 quoda

321 1052 470 1117 ‘ferocem
491 1054 702 1137 rapidumque
721 1054 754 1118 in
770 1054 917 1120 consiliis
935 1075 972 1120 1ο
986 1054 1099 1138 lingua
1118 1051 1335 1117 immodicum’
1353 1051 1429 1114 Lirin

320 1161 490 1243 perhibeat
523 1184 547 1224 c.
576 1161 615 1224 12
643 1161 847 1225 consentiens
880 1181 952 1224 cum
979 1158 1118 1242 Polybio
1147 1159 1388 1244 Plutarchoquc,
1413 1165 1431 1220 11

348 1282 380 1324 m
483 1266 521 1329 do
547 1273 685 1351 aequato
714 1267 799 1332 inter
823 1270 994 1350 utrumque
1023 1257 1157 1349 imperio
1189 1266 1346 1330 disserens
1367 1265 1430 1346 Poly-

481 1373 553 1436 bius
577 1374 683 1458 111.
709 1372 924 1438 ‘dictatorem’
949 1374 1070 1456 apertis
1093 1372 1203 1436 verbis
1218 1373 1344 1437 dixerit:
1366 1373 1431 1435 otro·

481 1478 621 1558 κράτορα
643 1480 704 1557 γὰρ
724 1478 872 1544 κάκεῖνον
896 1482 1096 1572 κατέςτηεαν,
1115 1483 1321 1558 πεπειτμένοι
1341 1482 1432 1556 raptu

480 1586 579 1649 αὐτὸν
612 1588 704 1676 τέλος
737 1587 896 1666 ἐπιθήτειν
928 1592 996 1651 τοῑ(
1033 1585 1205 1666 πράγματι·
1243 1587 1295 1651 καὶ
1326 1589 1360 1665 δὴ
1388 1587 1433 1648 tto

481 1693 704 1771 δικτάτορε(
733 1692 982 1770 ἐγεγόνειτον
1006 1694 1058 1757 ἐπὶ
1080 1694 1138 1757 τὰ(
1160 1693 1262 1757 αὐτὰ(
1285 1692 1433 1773 optinui

480 1799 639 1878 πρότερον
663 1799 820 1864 οὐδέποτε
840 1802 1041 1880 (υνεβεβήκει
1064 1801 1151 1878 παρὰ
1173 1800 1352 1880 ‘Pauperiore
1379 1800 1433 1862 iteu

480 1907 645 1989 0111011
669 1907 699 1970 οἱ
723 1909 781 1985 μὲν
805 1907 987 1986 δικτάτορα
1010 1906 1169 1971 ἀπέθεντο
1192 1910 1253 1986 τὴν
1276 1907 1378 1986 ἀρχήν.

568 2013 612 2077 Ε1
635 2018 745 2078 tamen
768 2014 869 2094 talem
891 2013 1111 2079 coniecturam
1138 2036 1212 2078 cum
1234 2015 1320 2079 ratio
1341 2014 1433 2077 dissue·

481 2119 536 2182 det
560 2124 629 2183 tum
654 2120 733 2184 fides
753 2121 887 2184 testium
907 2121 1031 2184 evertit.
1062 2119 1149 2184 Nam
1169 2121 1232 2184 etsi
1252 2119 1433 2203 1111111011-

479 2226 553 2289 dam
586 2227 620 2290 iu
653 2226 689 2301 Q.
720 2225 858 2290 Fabium
886 2226 1064 2291 Maximum
1093 2228 1194 2311 cadit,
1231 2249 1324 2312 quem
1350 2225 1433 2290 Livius

479 2353 504 2396 o.
523 2333 563 2396 31
590 2332 716 2415 scribit,
740 2355 811 2396 oum
829 2353 890 2415 pro
913 2334 1060 2397 dictatore
1082 2357 1102 2397 1
1120 2335 1240 2417 populo
1265 2339 1382 2399 creatus
1399 2354 1432 2395 es·

479 2445 541 2519 set,
569 2461 675 2502 rerum
699 2443 863 2524 gestarum
887 2440 993 2524 gloria
1015 2443 1283 2526 posterorumque
1310 2439 1433 2525 imaginis

478 2546 610 2610 titulum
635 2547 821 2630 augentium
846 2547 1078 2630 ostentatione,
1106 2550 1142 2610 ut
1164 2549 1298 2613 dictator
1321 2547 1431 2612 credere

477 2656 540 2736 tur,
564 2654 658 2717 facila
682 2653 876 2718 obtinuisse:
899 2661 1008 2717 tamen
1032 2674 1091 2717 nec
1115 2661 1219 2718 semet
1236 2656 1339 2738 ipsum
1355 2653 1432 2716 dicta·

478 2764 582 2823 torem
610 2759 793 2842 professum
821 2760 971 2842 traditur,
1001 2763 1034 2823 et
1062 2760 1239 2842 plurimum
1268 2756 1432 2825 discriminis

476 2867 560 2932 inter
585 2866 777 2931 dictatorcm
801 2866 1057 2950 magistrumque
1081 2867 1226 2951 equitum
1249 2871 1339 2952 atque
1355 2866 1431 2928 dieta·

347 1725 380 2115 INTERRE
344 1563 380 1716 GNI
365 1528 373 1542 -
347 1331 380 1504 CAV

286 2050 304 2088 <

319 2145 352 2350 DICT

381 2298 413 2488 RIAG
400 2270 405 2281 -
382 2143 420 2258 EQ

477 2977 580 3037 torem
604 2975 920 3057 prodictatoremque
943 2973 1139 3037 intercedere
1165 2975 1369 3058 reputandum
1388 2985 1431 3034 est

476 3080 528 3143 Ad
555 3082 688 3144 testium
717 3084 773 3144 aut
775 3101 825 3142 em
857 3079 955 3144 fidem
981 3079 1129 3163 quodt
1095 3080 1228 3164 attinet,
1259 3080 1358 3165 potuit
1383 3079 1432 3140 ista

317 3198 349 3256 Γ)
378 3183 412 3291 ξ
476 3187 605 3270 quidem
624 3187 809 3251 coniectura
827 3187 949 3270 aliquid
967 3186 1210 3271 probabilitatis
1226 3187 1340 3252 babere
1351 3203 1430 3266 usqu?

316 3295 349 3402 ξ
378 3296 410 3408 ξ
476 3294 516 3357 ad
539 3299 700 3358 annuml
687 3295 770 3359 1818
795 3292 934 3356 videri
923 3316 944 3358 1.
968 3315 993 3356 e.
1017 3296 1092 3357 ante
1115 3293 1284 3378 publicata
1305 3289 1429 3359 aCsrolo

316 3405 348 3506 Ξ
378 3414 410 3472 oe,
475 3399 540 3464 Fea
563 3424 646 3465 nova
669 3402 833 3485 fragment
819 3399 938 3464 111111
924 3402 1031 3464 torum
1046 3397 1142 3484 Capit
1128 3401 1313 3466 totinornm.
1345 3396 1428 3464 lehis
1483 3468 1488 3483 ¹

315 3508 394 3568 11
378 3529 410 3592 7
476 3508 561 3570 enim
579 3507 753 3591 fragment
745 3532 782 3585 rs,
802 3507 918 3591 quibus
937 3526 1056 3591 magna
1080 3507 1197 3571 lacuna
1215 3507 1280 3592 illa,
1302 3529 1357 3593 qua
1371 3501 1427 3568 ami

315 3563 410 3701 ΞΟ
475 3614 581 3677 533-
586 3614 650 3678 546
678 3614 787 3678 hausti
817 3617 905 3696 sunt,
937 3635 975 3677 ea
1002 3614 1038 3678 in
1065 3618 1159 3697 parte
1185 3615 1348 3699 suppletur
1365 3629 1427 3696 quae

314 3741 346 3801 z
377 3722 409 3807 gg,
475 3720 516 3784 ad
540 3743 641 3785 anuos
665 3719 841 3784 536-539
866 3724 991 3802 spectat
1015 3717 1195 3805 (sequimur
1218 3725 1425 3786 autemnam

315 3829 408 3918 0³ss
474 3849 527 3890 ros
551 3825 804 3912 Varronianos),
836 3827 989 3910 quoniam
1022 3827 1162 3893 dictator
1194 3849 1267 3893 cum
1298 3827 1425 3912 mapstm

314 3930 346 4004 85
377 3937 409 4013 ὠ
474 3935 619 4018 equitum
644 3956 702 3999 suo
726 3935 759 3998 hi
783 3933 987 4017 perscribunt
989 3956 1041 3999 ur·
1065 3934 1150 4016 [vide
1176 3935 1279 4016 iuxta]

314 4022 352 4101 Cf
376 4019 408 4112 Ξ
474 4039 584 4124 (quam
609 4042 737 4125 quidem
761 4042 955 4123 scripturam
976 4063 1034 4106 111
1052 4042 1113 4106 fide
1129 4040 1298 4107 Henzenus
1315 4033 1421 4104 firmarit

313 4090 408 4262 Ξξ
473 4145 1420 4234 011111430111111351)1111111111

314 4259 344 4312 m
375 4237 408 4332 β
473 4254 634 4318 diversum
658 4278 678 4319 a
700 4254 791 4319 Lucii
820 4253 1001 4322 110111.
1031 4255 1190 4340 magistro
1214 4243 1419 4340 equitante:

314 4353 345 4430 ,1
314 4317 407 4434 ἠΰ
473 4362 574 4425 filium
608 4362 709 4426 dictat
660 4366 798 4426 tuorem
832 4384 911 4426 esse
965 4362 1089 4427 Rursus
1123 4367 1230 4427 autem
1262 4358 1416 4442 mafflfflffl

316 4457 407 4526 2³2
472 4474 615 4552 equium
648 4470 740 4532 illum
774 4492 845 4534 cum
875 4469 986 4534 Livius
1014 4491 1084 4553 cap.
1106 4470 1160 4555 49,
1197 4468 1287 4535 ubi
1280 4488 1307 4532 m
1332 4477 1417 4548 11111

319 2533 350 2596 Ξ

318 2636 350 2708 P

317 2844 350 2906 ο

317 2901 350 2976 ‚0

317 2969 350 3072 Ξ

317 3077 349 3132 m

317 3139 348 3193 11
