3008 5118
307 343 371 405 284
631 361 676 405 uu
702 360 898 407 rrcrraravs
924 361 1131 406 nrrruaarrs

306 501 468 584 profectus
493 525 512 564 a
535 503 715 586 nequitia
739 525 824 585 voco,
848 526 944 588 quam
968 504 1132 568 nonsatis
1156 502 1421 567 eutolmium
1490 510 1491 588 l

306 629 416 691 quam
440 606 555 689 videri,
583 606 635 670 hic
659 611 917 690 permutatarum
940 629 955 671 c
979 611 1011 671 et
1032 631 1073 690 qa
1097 609 1277 673 litterarum
1298 604 1417 686 exemplo
1490 629 1491 648 r

305 737 380 778 usus
405 713 494 777 urbis
517 714 647 778 nomine
672 714 895 796 Aeclanum,
922 715 957 778 in
981 715 1166 798 Aequitia
1189 715 1321 779 formam
1340 711 1419 776 trala-

304 821 400 884 ticiae
430 820 618 904 Aequitas
647 820 801 884 vicariam
833 824 968 905 uterque
1001 821 1182 886 inciderunt
1214 826 1306 905 atque
1335 839 1420 882 meum

305 931 391 991 certe
425 949 592 990 assensum
626 926 701 990 ilico
735 927 889 991 tulerunt.
947 927 1050 1004 Quem
1081 928 1176 1013 longe
1210 925 1422 992 evidentissima

304 1034 430 1098 ratione
459 1034 626 1115 confirm0,
659 1035 879 1117 exemplorum
908 1035 1116 1099 multitudine
1149 1035 1273 1099 affatim
1303 1051 1422 1112 compro·

305 1141 391 1203 bata.
438 1139 563 1222 Quippe
592 1161 656 1202 non
685 1139 779 1203 aliter
813 1142 986 1224 aequitia
1020 1149 1053 1205 et
1085 1140 1267 1224 aequitas
1298 1138 1422 1202 differml

305 1250 401 1329 atque
421 1246 566 1309 duritia
585 1246 635 1309 vel
656 1246 819 1311 durities
844 1251 876 1312 et
895 1248 1060 1332 duritas,
1080 1248 1262 1333 [pigritia
1280 1251 1310 1308 et
1324 1243 1424 1327 pigri·
1491 1279 1492 1316 ,

305 1354 393 1433 tas],
425 1352 594 1434 planitia
623 1353 812 1435 planities
842 1359 874 1418 et
902 1355 1088 1439 planitas,
1120 1348 1425 1443 segnitiaqsegni·

304 1458 379 1522 ties
403 1462 436 1521 et
460 1460 648 1542 segnitas,
672 1460 844 1524 tristitia
872 1461 1064 1524 tristities
1093 1465 1126 1524 et
1153 1459 1341 1538 tristitae,
1362 1475 1424 1518 sae·

304 1565 402 1628 vitia
425 1569 458 1628 et
481 1565 652 1647 posteriori
676 1568 775 1631 aetati
801 1568 973 1650 probatum
999 1568 1186 1647 saevitas,
1209 1563 1384 1627 tardities
1403 1567 1425 1620 et

304 1670 486 1751 tarditaS,
510 1672 694 1736 vastities
719 1678 752 1737 et
775 1673 953 1738 vastitas.
988 1671 1131 1748 Quorum
1155 1675 1190 1735 ut
1208 1669 1356 1755 quaedam
1377 1674 1424 1730 ter·

304 1777 383 1840 tiam
403 1777 542 1840 formam
563 1778 724 1843 asciscunt
743 1781 777 1844 in
802 1779 891 1843 tudo
916 1779 1136 1860 terminatam,
1161 1776 1340 1840 duritudo
1361 1774 1426 1856 pla·

303 1883 439 1946 nitudo
468 1883 674 1949 tristitudo
704 1886 907 1951 saevitudo
936 1884 1139 1949 tarditudo
1169 1881 1372 1960 vastitudo,
1391 1879 1425 1940 ita

304 1989 457 2073 progredi
480 1993 697 2073 comparando
722 1993 834 2056 licebit
858 1993 897 2056 ad
921 1992 1068 2057 canitia
1098 1989 1264 2054 canities
1292 1992 1323 2051 et
1344 1985 1426 2050 caui·
1485 1972 1492 2063 i

304 2094 409 2176 tudo,
434 2096 604 2161 mollitia
632 2098 821 2162 mollities
847 2103 878 2162 et
901 2097 1121 2178 mollitudo,
1145 2094 1340 2180 pinguitie
1361 2091 1425 2175 piu·
1484 2074 1492 2130 '¹

304 2201 449 2284 guities
478 2207 510 2264 ct
534 2202 781 2287 pinguitudo,
810 2204 970 2268 laetitia
997 2206 1031 2266 et
1059 2202 1266 2282 laetitud0,
1293 2196 1426 2264 maesti·
1485 2248 1489 2273 ,

304 2309 359 2372 tia
390 2314 422 2372 ct
451 2308 701 2372 maestitudo:
734 2311 767 2373 in
797 2310 913 2394 quibus
942 2333 1019 2374 casu
1046 2309 1168 2373 facturn
1197 2306 1283 2391 quod
1313 2307 1426 2370 alteram

304 2415 442 2478 formam
471 2415 504 2478 in
532 2419 592 2478 tas
622 2421 790 2480 exeuntem
819 2421 875 2481 aut
903 2440 967 2482 non
992 2415 1143 2500 probavit
1170 2413 1282 2498 lingua
1305 2417 1426 2476 autnon

305 2523 447 2587 servavit
470 2523 634 2586 memoria.
680 2522 749 2587 Nec
773 2524 814 2587 ab
838 2523 948 2587 eodem
978 2544 1093 2607 genere
1122 2521 1243 2603 aliena,
1271 2519 1364 2583 immo
1384 2540 1425 2600 pu·

305 2628 377 2693 sillo
401 2631 572 2694 intervallo
596 2630 773 2694 remotiora
799 2628 879 2692 haec
903 2632 992 2692 sunt:
1022 2627 1224 2711 opulentia
1253 2624 1425 2710 opulenti·
1485 2684 1488 2701 ,

304 2740 379 2817 tas,
402 2736 598 2800 discordia
627 2735 878 2817 discorditas,
901 2735 1107 2818 pauperies
1136 2737 1355 2817 paupertas,
1375 2730 1426 2794 mi·
1485 2756 1491 2823 ζ

305 2842 407 2904 seria
430 2842 674 2925 miscritudo,
699 2847 731 2906 et
754 2842 863 2925 paullo
884 2841 1013 2926 longius
1032 2841 1182 2905 recedens
1206 2837 1425 2924 paenitentia
1486 2826 1490 2883 l

304 2949 527 3032 paenitudo:
557 2953 594 3013 ut
622 2954 746 3014 taceam
774 2949 966 3033 pervulgata
993 2950 1052 3013 illa
1080 2947 1273 3033 pulcritas
1306 2943 1425 3032 pulcri·
1486 2926 1490 2939 ¹

304 3054 408 3137 tud0,
433 3057 633 3120 temeritas
662 3057 907 3138 temeritudo,
931 3055 1311 3139 propcinnumerabilia.
1353 3049 1425 3118 Nihil

305 3165 354 3223 est
378 3160 478 3243 igitur
501 3185 556 3226 cur
580 3184 645 3226 non
674 3165 816 3245 potuerit
844 3164 941 3226 etiam
971 3164 1011 3225 ab
1041 3183 1078 3225 eo
1107 3162 1192 3245 quod
1225 3167 1276 3225 est
1306 3179 1424 3244 aequos

305 3267 374 3329 fieri
398 3269 583 3350 aequitio:
608 3275 705 3354 atique
724 3271 844 3333 factum
865 3292 944 3352 csse,
966 3269 1148 3332 contrariae
1167 3268 1312 3332 notionis
1329 3286 1423 3330 nonen
1489 3309 1493 3359 .'

304 3373 492 3456 nequitia,
515 3375 578 3438 nisi
602 3376 710 3439 omnia
734 3375 867 3457 fallunt,
895 3376 1039 3441 ostendit
1062 3373 1258 3458 planissime.
1304 3368 1423 3450 Quodsi
1489 3373 1494 3447 ,'

305 3502 506 3564 anequam
535 3483 667 3564 ducunt,
696 3483 779 3546 unde
802 3483 932 3546 tandem
955 3482 1016 3546 boc
1041 3481 1169 3565 ipsum?
1210 3480 1336 3564 Nempe
1358 3497 1424 3543 ane

303 3587 464 3670 particula
490 3588 643 3671 negativa
672 3593 705 3651 et
732 3589 861 3652 relativi
890 3588 1088 3671 pronominis
1122 3588 1306 3652 accusativo
1337 3603 1423 3670 quan

303 3696 517 3777 compositum
555 3697 676 3759 volunt.
733 3697 759 3759 ld
790 3696 905 3779 quibus
938 3697 1087 3778 partibus
1121 3695 1281 3780 quomodo
1318 3691 1423 3778 prodire
1494 3681 1495 3742 l

304 3801 434 3884 propria
467 3823 626 3884 nequam
660 3802 808 3865 vocabuli
839 3804 929 3867 notio
961 3803 1116 3886 potnerit,
1149 3802 1210 3865 etsi
1241 3825 1306 3867 uon
1336 3803 1423 3882 inepta
1492 3749 1496 3882 l,

303 3908 548 3972 ratiocinatione
585 3908 807 3972 demonstrare
843 3910 1055 3974 Doederlinus
1089 3909 1206 3993 Synon.
1239 3913 1272 3972 et
1304 3902 1422 3990 etyml
1494 3895 1496 3972 l

263 4036 286 4072 ιιι
303 4038 332 4098 p.
352 4016 394 4078 54
410 4037 478 4097 sqq.
502 4015 651 4095 instituit,
676 4018 784 4077 tamen
804 4037 861 4078 nec
881 4018 1043 4079 exclusam
1063 4037 1131 4078 esse
1151 4015 1250 4078 aliam
1270 4009 1422 4097 explicandi

304 4122 388 4184 viam
412 4121 518 4203 video,
545 4143 603 4184 nec
626 4121 707 4185 illud
731 4122 945 4204 probabiliter
973 4122 1155 4204 expeditum
1180 4121 1235 4203 qui
1259 4117 1421 4184 factumst

303 4232 351 4304 nt,
375 4248 448 4289 cum
473 4249 548 4289 sane
573 4227 606 4289 in
630 4228 775 4291 adverbii
801 4250 892 4292 usum
912 4250 1084 4291 conversus
1109 4251 1219 4311 quam
1244 4225 1421 4292 accusativus

303 4333 434 4397 minimo
464 4332 658 4397 destituatur
687 4336 853 4419 analogia,
884 4339 992 4398 tamen
1020 4355 1037 4395 e
1065 4335 1124 4397 tali
1152 4334 1314 4408 adverbio,
1339 4349 1420 4410 eoque

302 4463 367 4504 non
391 4439 432 4503 ab
457 4438 613 4504 adiectivo
642 4441 737 4504 ducto
767 4441 821 4504 scd
850 4465 868 4504 a
897 4441 1098 4522 pronomine,
1130 4462 1259 4504 rursum
1285 4436 1420 4502 declinata
1494 4519 1496 4558 ,

1494 4615 1496 4652 l
