3040 5122
439 377 587 424 mustus
611 377 829 426 uu'uumnvs.
1142 363 1201 426 101

77 519 185 582 terium
206 541 235 603 p.
259 521 334 602 315,
358 522 391 600 u]
416 525 444 586 et
465 519 499 584 lu'
521 541 626 586 ocrsccs
642 521 697 602 qui
715 525 787 586 scrut
805 521 840 586 in
858 522 990 586 eiusdem
1008 521 1095 586 urbis
1111 520 1204 602 soro!

77 625 167 710 Atque
188 625 258 690 toro
283 627 381 690 etiam
405 625 570 692 Marianus
594 625 759 692 Victorius
784 627 899 692 tribuit
922 629 968 693 oio
992 627 1133 694 referens
1154 651 1203 692 uc-

75 735 170 796 curoto
197 731 400 798 testimonio:
431 732 577 797 ‘cernitur
603 733 646 798 nd
673 733 728 812 lroc
756 755 850 816 usque
871 737 943 800 uerri
966 735 1062 798 llcotc
1078 737 1204 818 pontili-

74 841 111 900 cio
137 839 168 902 in
192 838 274 921 foro,
301 841 383 920 quod
408 861 429 902 a
457 839 580 904 clclcclrro
604 839 646 906 D.
669 841 796 906 Morino
822 848 1033 925 nuncupatur,
1059 841 1203 906 anitolius
1222 859 1257 898 111

74 945 255 1010 scmreiruclis
277 967 347 1010 mm
365 947 506 1028 primum
528 949 721 1030 superiorum
740 949 863 1014 incuria
880 951 977 1015 diuisi
995 953 1091 1014 esseut
1108 953 1205 1012 oclutc

73 1057 165 1118 nostru
194 1054 304 1116 iterum
332 1053 365 1117 in
393 1075 491 1118 unum
513 1055 692 1136 compositis.
739 1055 881 1137 lcpnntur
906 1055 964 1120 lrac
988 1075 1103 1138 quoque
1133 1059 1203 1118 lerci-

69 1163 169 1240 peslote
189 1163 296 1224 nostro
318 1160 353 1224 in
374 1181 407 1224 co
430 1181 492 1225 sen
518 1161 692 1225 carmina
716 1163 841 1244 prisco
863 1183 904 1226 uc
927 1161 1086 1226 olcsolclo
1109 1161 1203 1226 scri-

71 1267 164 1330 tcndi
185 1263 300 1330 more!
346 1265 470 1330 Rursus
494 1265 564 1350 pori
589 1269 685 1350 utque
709 1289 746 1332 ex
770 1273 862 1352 purte
892 1267 971 1332 odeo
991 1267 1113 1332 maiore
1133 1265 1204 1331 ‹lili-

71 1373 170 1455 gcntiu
192 1372 226 1436 in
248 1371 417 1456 Pighisnis
441 1373 569 1438 schedis
593 1373 639 1438 sio
663 1378 827 1440 narratur:
852 1373 955 1456 ‘prope
974 1373 1204 1456 Quintilianum

72 1479 196 1542 uieulum
226 1499 290 1544 non
319 1479 428 1561 procul
459 1501 479 1542 o
511 1480 606 1544 Ilcote
637 1481 746 1546 nrcdiis
779 1483 896 1563 campis
929 1501 1038 1546 murus
1068 1485 1205 1546 uetustus

70 1587 248 1668 conspicitur,
274 1585 446 1668 fornicibus
471 1591 501 1650 et
526 1589 639 1670 cryptis
666 1593 890 1669 superstncetus
920 1590 952 1652 in
980 1609 1038 1668 quo
1062 1588 1124 1652 luco
1146 1607 1205 1652 uus

70 1713 262 1756 neormorcum
285 1693 399 1758 dicitur
421 1695 582 1758 inuentum
604 1695 686 1774 quod
707 1699 805 1758 cestot
827 1693 1003 1773 anteferes
1020 1693 1206 1758 cathedralis

69 1799 209 1874 ccclesiae·
233 1801 402 1882 insculptae
423 1805 496 1866 sunt
517 1803 637 1884 fipccruc
658 1803 745 1865 uorii
774 1800 897 1866 habitus
919 1799 1044 1866 clrorcos
1066 1801 1205 1864 ducentes

70 1907 230 1988 smlumpue
252 1907 411 1989 quondum
433 1909 667 1972 conscendentes.
703 1909 831 1990 quidum
853 1909 918 1972 illic
941 1907 1081 1972 mulieris
1098 1906 1204 1972 lentilu

69 2014 181 2078 cloccam
210 2035 309 2078 monu
341 2019 443 2080 terreus
474 2015 527 2078 scd
558 2017 629 2096 uio,
655 2035 735 2098 prae
766 2015 867 2079 nimia
898 2019 1046 2080 uetustate
1072 2017 1205 2094 attritus,

69 2121 248 2204 upuoscitur,
285 2120 434 2186 Hercules
464 2126 595 2204 putatur
631 2123 682 2186 eui
717 2123 843 2186 decumo
880 2121 1027 2186 bonorum
1066 2123 1205 2186 omnium

69 2227 245 2292 recolebatur?
298 2227 327 2292 A
360 2251 424 2314 qun
455 2227 613 2294 memoria
645 2227 678 2294 in
711 2229 828 2313 quibus
861 2229 1036 2314 persimilis
1074 2227 1202 2292 Grutori

70 2333 231 2419 descriptio
260 2335 380 2418 differt,
412 2357 450 2400 eu
478 2336 600 2420 pariter
627 2335 736 2398 deberi
766 2333 889 2400 Metelli
919 2335 1045 2400 schedis
1073 2357 1203 2400 necesse

71 2447 111 2504 ost
141 2447 237 2527 atque
272 2442 443 2508 verborum
476 2443 669 2526 scripturum
702 2440 742 2504 nb
772 2441 914 2524 Apiauo,
947 2439 1081 2524 Vrsino,
1111 2439 1204 2506 Bois-

72 2549 154 2614 oordo
176 2571 240 2615 non
268 2553 442 2632 acceptum.
489 2547 549 2612 Est
572 2551 677 2612 sutem
702 2547 760 2612 illa
783 2546 878 2612 hoec:
902 2546 1009 2612 ‘llcote
1030 2553 1102 2612 onte
1122 2547 1204 2628 surm

71 2657 169 2720 ucmmi
192 2655 311 2738 tetoldi,
334 2656 368 2719 in
390 2655 489 2736 capite
510 2655 596 2736 pilae
618 2673 815 2736 marmoreae,
837 2676 915 2736 qrcuc
937 2657 1033 2738 plena
1055 2661 1099 2719 nst
1121 2657 1203 2720 uiro-

72 2783 130 2825 rum
154 2763 240 2826 uarii
267 2761 389 2826 dubitus
416 2759 540 2826 elucens
566 2760 742 2824 ducentium
773 2765 801 2824 et
831 2763 989 2826 nsccnclcrc
1016 2763 1203 2828 conantium.

72 2871 181 2948 pucilam
205 2871 332 2934 interim
354 2869 419 2932 illie
441 2867 583 2932 nculielrri
604 2868 715 2930 ucsliln
739 2887 836 2932 manu
859 2868 980 2932 clauom
1005 2867 1140 2954 tencl.'*)

147 2977 259 3054 Qualis
290 2979 396 3042 nutem
426 2997 560 3058 eumque
588 2975 668 3040 hneo
691 2975 908 3058 discrepantia
932 2979 990 3054 est,
1013 2977 1140 3040 tuntum
1165 2999 1202 3040 ex

75 3085 244 3170 perscriptis
273 3083 377 3148 adhuc
404 3081 598 3147 testimoniis
623 3081 703 3145 satis
728 3103 882 3164 apparere
906 3085 1000 3166 put0‚
1027 3081 1090 3146 fide
1115 3105 1203 3166 pror·

75 3171 116 3254 sui
149 3191 279 3256 destitui
322 3189 500 3274 praemissa
537 3187 620 3272 opud
659 3187 821 3272 Apinnum
858 3189 992 3253 uomina
1031 3187 1202 3253 SANuTu

76 3296 176 3362 ululo
195 3296 298 3362 SENI
316 3296 456 3380 PATRI,
480 3295 657 3380 paullulum
682 3295 832 3378 deinceps
856 3295 1030 3359 immutato
1054 3295 1095 3359 ab
1119 3295 1203 3380 uliis,

77 3439 270 3452 ———.-----=

148 3511 252 3580 ')Non
279 3511 372 3564 nutem
398 3507 433 3562 nd
457 3509 510 3562 hoo
534 3509 756 3574 monumentum,
780 3506 828 3560 sod
854 3505 889 3560 nd
913 3505 1062 3561 Reatinum
1088 3505 1202 3560 titulum

77 3595 170 3654 Gruteri
188 3619 213 3670 p.
233 3605 277 3666 96,
296 3603 313 3652 8
333 3597 410 3652 nullo
428 3596 579 3652 intervallo
602 3597 667 3652 unte
691 3603 934 3651 commemoratum
956 3595 1098 3650 Muratorii
1118 3595 1204 3648 verbu

77 3693 199 3752 spectant:
224 3687 331 3757 ‘nuque
354 3665 528 3740 omittendum
547 3687 668 3738 crlrilccri
690 3687 832 3738 abeodem
854 3683 963 3754 l'yrrlro
983 3683 1097 3750 Liporio
1116 3683 1203 3736 busim

78 3773 143 3828 minc
164 3777 368 3846 inscriptionis,
390 3777 421 3829 in
446 3793 502 3844 quo
525 3776 628 3829 uisitur
651 3777 717 3828 ordo
740 3775 878 3826 homiuum
901 3773 1126 3837 sacrificantium,
1145 3775 1203 3824 octo

80 3863 162 3920 llumc
182 3869 365 3921 circumstant.
404 3865 533 3918 Hercules
556 3863 682 3917 muliebri
704 3863 800 3916 lubitu
823 3863 933 3914 cuonem
958 3859 1137 3912 rcoueuorium
1156 3859 1203 3912 im·

79 3951 132 4018 plrt,
148 3956 185 4008 itu
207 3961 237 4008 ut
260 3955 391 4009 Hercules
417 3953 572 4020 Muscrpetcr
595 3951 744 4006 dulcator!
783 3951 874 4017 Atque
901 3949 942 4002 ‘iu
966 3963 1012 4004 ms.
1036 3947 1141 4016 λίθον)
1163 3949 1201 4002 in·

81 4045 175 4096 venerut
195 4045 313 4098 eundem
332 4041 454 4108 titulum,
473 4041 521 4110 qui
541 4041 672 4110 [SANCO
693 4039 778 4108 ΠΕΟ]
799 4037 907 4092 uuum
927 4035 1091 4090 nummu
1112 4037 1202 4090 fuctus

82 4133 125 4195 cst,
148 4131 227 4186 etium
253 4129 360 4186 Gudius
387 4133 460 4184 teuto
485 4129 611 4182 Grutero.
650 4129 706 4182 Noc
734 4145 751 4180 u
781 4127 858 4180 ‘unse
883 4125 1041 4180 murruorcu'
1068 4126 1111 4178 uel
1133 4127 1203 4195 ‘pilu

84 4221 220 4274 murnoreu’
245 4237 300 4274 nou
320 4217 414 4272 differt
439 4219 545 4272 ‘bosr'c'.
584 4217 757 4285 Quemquam
778 4215 923 4270 fatendum
948 4220 990 4269 est
1013 4215 1041 4270 in
1061 4215 1202 4270 Musarum

85 4317 131 4356 cum
153 4305 263 4362 Hercule
283 4309 430 4378 Musugetu
457 4307 571 4362 eborum
601 4307 659 4372 (sod
688 4307 746 4358 uiue
775 4305 990 4360 sacrificantium
1019 4303 1127 4372 ordino)
1148 4321 1201 4356 non

86 4387 247 4452 disconvenire
266 4395 430 4466 Pighinnum
450 4396 672 4465 descriptionem.
711 4395 799 4459 Quule
817 4397 1026 4448 monumentum
1046 4411 1109 4446 num
1130 4391 1202 4447 torto

90 4475 155 4536 boue
171 4489 261 4551 exstet,
280 4503 335 4541 non
354 4485 490 4540 inutiliter
508 4503 641 4554 quaerere
658 4483 836 4552 urohueologi
854 4485 994 4553 poterunt.
