2984 5122
313 379 379 443 462
423 397 472 443 os
495 396 758 444 nacnrnnrroua
783 395 930 455 quanam
953 393 1085 442 marma
1108 391 1359 443 naccamrrrom.

312 561 472 623 nusquam
496 541 644 624 posuisse
664 562 747 626 nego
767 539 874 604 simile
893 539 960 604 veri
980 561 1060 606 esse.
1090 538 1171 603 Eius
1191 541 1293 602 autem
1309 536 1351 600 rei
1365 557 1418 619 pro·

312 645 467 710 habilitas
491 670 575 713 novo
600 669 670 712 csse
694 647 886 712 documento
909 646 1042 731 poterit,
1071 646 1160 730 quali
1185 644 1243 708 fide
1265 643 1322 708 hos
1341 642 1421 706 libros

313 751 527 819 Sallustianos
558 755 598 819 ad
621 759 767 820 nostram
795 754 986 819 memoriam
1015 754 1141 818 codices
1166 777 1224 818 ms.
1245 749 1423 836 prodiderint,

312 865 348 923 ut
372 861 425 944 qui
449 861 589 945 nullum,
618 862 646 926 si
669 861 889 926 Dietschianis
913 861 1111 926 testimoniis
1135 860 1303 942 credimus,
1322 857 1424 921 breviu-

312 967 357 1032 ris
381 969 505 1034 formae
529 969 703 1054 vestigium
732 973 874 1053 servent,
901 968 1092 1034 tenuissima
1121 967 1289 1052 quaedam,
1320 965 1345 1027 si
1365 964 1426 1026 alios

313 1076 460 1138 auctores
480 1075 685 1139 consulimus.
723 1075 849 1158 Quippe
868 1074 939 1158 lug.
958 1074 1010 1157 50,
1029 1073 1050 1138 5
1073 1073 1336 1158 diligentissimus
1351 1071 1427 1134 homo

313 1179 512 1263 Theophilus
528 1180 659 1246 (lortius
682 1183 822 1244 testatur
844 1180 878 1244 in
893 1179 1147 1263 Guelferbytano
1166 1181 1186 1244 9
1204 1178 1273 1265 (qui
1286 1177 1428 1245 Dietsehio
1483 1211 1484 1262 q

313 1291 403 1369 estp
426 1289 477 1352 vel
500 1311 531 1352 n.
551 1290 592 1352 21
617 1310 647 1370 p.
670 1288 724 1371 10)
756 1292 788 1350 et
811 1286 973 1370 Lipsiensi
997 1287 1181 1351 academico
1206 1287 1356 1370 scriptum
1377 1303 1430 1345 esse

313 1395 387 1459 aliis
414 1396 489 1478 ulio,
522 1395 670 1477 idemque
699 1417 718 1457 a
745 1395 849 1477 prima
881 1416 979 1458 mauu
1013 1394 1147 1458 cundem
1180 1392 1387 1458 academicum
1409 1392 1430 1449 cl
1476 1399 1481 1414 '

313 1500 531 1565 Heussianum
554 1501 843 1585 Memmingensem
867 1500 902 1564 in
924 1500 994 1585 lug.
1016 1501 1104 1582 12,2
1128 1499 1290 1564 habuisse.
1333 1498 1368 1562 ln
1384 1517 1431 1579 quc

313 1607 395 1671 nihil
427 1608 491 1672 nisi
524 1608 574 1672 ali
583 1630 597 1671 s
631 1607 708 1672 alio
741 1607 843 1670 latere
872 1607 942 1690 ipse
969 1607 1036 1671 iarn
1065 1604 1195 1672 Cortius
1223 1605 1432 1691 suspicabatur,

313 1717 381 1776 tam
406 1714 437 1777 id
460 1714 605 1797 profecto
633 1714 846 1798 probabiliter
875 1736 972 1798 quam
1000 1713 1035 1776 in
1062 1713 1120 1777 tali
1148 1734 1265 1778 caussa
1291 1710 1431 1797 quidpiam

314 1821 400 1884 credi
424 1843 496 1885 curn
519 1821 750 1904 probabilitate
773 1825 893 1904 potest.

402 1926 437 1992 P.
459 1928 500 1991 10
519 1951 566 2011 sq.
591 1928 683 2008 [454]
708 1927 899 2010 compositis
923 1927 1079 2012 exemplis
1108 1928 1188 1993 alid
1216 1928 1338 1994 formae
1362 1921 1433 2010 potui

315 2034 472 2116 quaedam
496 2034 611 2098 addere
633 2056 699 2098 non
718 2033 899 2117 scriptoris,
923 2034 977 2098 sed
995 2034 1215 2099 librariorum:
1240 2056 1320 2118 quoa
1338 2033 1431 2096 mirum

315 2142 364 2204 est
391 2140 424 2203 in
452 2141 594 2204 Lucretii
622 2140 703 2204 duos
732 2163 844 2204 versus
872 2141 963 2204 illam
991 2141 1168 2204 immisisse
1197 2163 1216 2204 a
1244 2141 1356 2224 quibus
1380 2157 1432 2199 eam

314 2247 377 2328 ipsi
400 2248 525 2311 numeri
549 2250 730 2332 segregant,
752 2249 842 2312 ulicrd
859 2248 948 2312 erra
966 2248 1033 2312 alid
1049 2247 1222 2330 rep-rombus
1241 2247 1267 2331 Ι,
1281 2248 1352 2328 469,
1371 2244 1433 2308 alim

314 2355 381 2418 alid
398 2373 445 2418 res
468 2353 524 2437 IV,
541 2356 624 2419 1039
649 2359 731 2419 teste
746 2353 954 2418 Lachmanuo
973 2377 1003 2438 p.
1014 2355 1071 2418 41:
1094 2376 1177 2438 quae
1192 2353 1344 2418 credibile
1357 2350 1432 2416 estin

315 2461 530 2528 scribentium
542 2463 704 2526 mentibus
718 2462 863 2526 haesisse
878 2485 894 2525 e
909 2461 1010 2524 trium
1020 2483 1172 2525 versuum
1187 2461 1264 2525 libri
1274 2461 1291 2526 I
1301 2461 1432 2540 uniusque

262 2569 264 2574 '
288 2586 299 2620 a
315 2566 391 2630 libri
410 2567 459 2631 Ill
480 2570 711 2635 recordatione.
730 2605 766 2614 —-
785 2568 869 2632 Item
889 2569 968 2632 solis
987 2568 1129 2632 librariis
1149 2568 1298 2633 dubitare
1316 2569 1377 2634 noli
1396 2561 1432 2628 ali
1482 2589 1484 2620 l

315 2675 459 2739 dativum
477 2677 618 2740 tribuere
637 2699 734 2760 quem
751 2675 842 2739 uideo
863 2697 879 2738 e
894 2674 1054 2740 Frontone
1068 2673 1146 2739 Maii
1166 2697 1196 2758 p.
1206 2676 1273 2740 275
1290 2676 1349 2760 (ed.
1362 2673 1433 2738 Rom

315 2804 342 2845 a.
365 2781 464 2868 1823)
495 2783 544 2846 vel
573 2806 602 2866 p.
625 2784 686 2848 186
715 2781 809 2846 Nieb.
838 2782 944 2850 afferri
970 2802 1061 2846 seeum
1093 2783 1219 2862 quisquc
1251 2785 1379 2847 unimam
1402 2775 1433 2840 uli

314 2891 421 2963 (ariciae,
445 2891 585 2973 itemque
605 2890 725 2954 ellesti
744 2890 887 2972 epitoma
906 2890 1005 2974 pti,
1021 2889 1059 2953 19
1085 2888 1176 2954 ‘oliae
1194 2889 1251 2954 ναῖ’
1270 2887 1431 2954 <emim

316 3001 364 3061 lus
381 3018 441 3076 pro
465 3018 497 3060 ec
520 2998 601 3078 qiiud
623 3003 666 3062 cst
689 2995 745 3060 ‘uh'
768 2995 842 3060 rci':
877 2997 922 3060 sic
946 2995 1032 3060 euim
1055 2996 1135 3064 haec
1157 2997 1431 3080 transpositorum

315 3104 507 3185 rectissime,
540 3104 731 3186 pracsertim
756 3126 828 3167 cum
858 3125 874 3168 e
903 3102 1103 3167 brevioribus
1132 3103 1231 3168 huius
1258 3099 1432 3190 pronominis

314 3209 429 3272 formis
452 3232 491 3273 ne
512 3211 699 3274 usitatiores
719 3211 848 3294 quidem
872 3210 945 3274 alis
970 3210 1046 3274 alid
1067 3208 1238 3274 Plautinae
1257 3211 1380 3278 fabulae
1395 3203 1431 3269 ul·

316 3315 472 3379 miserint.
518 3315 628 3380 Talem
651 3317 752 3402 igitur
776 3317 971 3399 scripturam
1001 3320 1037 3380 ut
1059 3317 1101 3380 ab
1124 3317 1197 3400 ipso
1221 3307 1432 3382 Frontonem

314 3422 412 3487 Festo
435 3423 615 3505 profectam
639 3447 704 3488 non
727 3425 845 3487 rectius
868 3427 979 3487 tueare
1003 3445 1099 3507 quam
1122 3423 1157 3486 in
1176 3421 1340 3488 Ciceronis
1360 3421 1392 3484 dc
1409 3435 1431 3480 rt

315 3530 444 3614 publica
471 3530 500 3613 l,
525 3531 559 3612 8,
585 3531 624 3594 13
658 3531 707 3594 bis
735 3530 901 3613 proditum
928 3529 1164 3594 nominativum
1193 3529 1353 3612 pluralem
1382 3523 1431 3590 ali.

316 3638 365 3701 vel
391 3637 431 3701 ad
455 3637 700 3702 similitudinem
724 3638 867 3702 cannabis
890 3638 1009 3702 eoricitts
1022 3637 1115 3701 Iunis
1138 3637 1317 3702 formarum
1338 3633 1429 3700 ibidem

316 3745 509 3828 scriptamrn
533 3742 768 3827 (conlectarum
792 3745 825 3808 in
848 3741 970 3807 Osanni
993 3765 1127 3808 excursu
1149 3743 1215 3808 VII
1238 3767 1269 3828 p.
1287 3741 1362 3826 451)
1386 3740 1431 3802 fa-

315 3856 384 3916 tum
413 3852 557 3916 dativum
585 3851 668 3915 alis.
719 3849 862 3925 Quorum
891 3872 1023 3914 casuum
1050 3851 1084 3914 in
1111 3871 1210 3913 unam
1237 3851 1251 3913 i
1278 3852 1430 3914 contram

315 3983 385 4023 rum
417 3959 479 4022 etsi
512 3956 670 4041 quaedam
708 3958 854 4040 exempla
890 3954 939 4039 (in
971 3955 1024 4020 his
1055 3957 1164 4040 ipsum
1196 3957 1249 4020 ali
1283 3979 1299 4021 e
1329 3955 1429 4018 dmum

314 4066 447 4130 Pisano:
472 4062 571 4128 SIVE
587 4099 593 4112 ·
609 4063 685 4138 QVI
700 4063 791 4127 ·ALI
807 4099 812 4110 ·
828 4059 1138 4128 MAGISTRATVS
1149 4099 1155 4111 ·
1165 4060 1330 4148 ERVNT)
1352 4056 1427 4123 Lach-

316 4195 453 4237 mannus
478 4173 512 4235 in
534 4169 626 4235 Lucr.
650 4195 680 4256 pr
698 4171 764 4236 252
789 4174 821 4235 et
843 4171 907 4234 279
931 4169 1116 4235 indubitata
1138 4169 1319 4254 protulit*),
1342 4173 1424 4231 tamen

405 4422 431 4488 *)
450 4421 619 4490 Ambiguum
645 4438 703 4475 esse
726 4418 808 4476 video
826 4422 919 4476 utrum
943 4418 1146 4476 nominativum
1169 4435 1205 4476 au
1232 4415 1348 4475 dativum
1363 4411 1421 4466 inur-

315 4511 456 4581 prctcmur
475 4512 549 4580 quod
568 4512 595 4565 iu
615 4511 698 4579 longo
717 4511 873 4580 antiquiore
893 4511 976 4565 titulo
996 4510 1130 4580 scriptum
1151 4513 1194 4565 est
1212 4511 1308 4565 Atat:
1324 4503 1421 4561 inlabi·
