3108 5142
410 349 580 398 rorroun
604 347 747 398 ssssvnr
772 349 919 398 rosera.
1196 335 1239 399 23

106 493 179 558 milis
203 497 238 559 et
261 499 329 558 tam
352 495 539 560 constanter
562 493 715 577 evaserit,
746 497 784 558 ut
810 491 888 558 hinc
918 493 1023 578 petito
1046 497 1239 578 argumento

105 605 159 666 tam
182 601 281 666 certis
305 598 421 666 finibus
446 599 585 666 coerceri
607 599 764 684 temporis
788 598 963 684 descriptio
987 601 1099 686 possit

180 705 244 772 Sed
268 707 364 772 redeo
389 704 471 770 uude
496 727 629 772 exorsus
658 727 743 788 sum,
772 705 812 770 ad
837 706 968 772 lacunas
991 701 1059 772 tam
1083 709 1238 775 notabilis

104 815 253 900 epitaphii
280 836 353 880 euru
381 813 614 898 probabilitate
642 812 845 897 supplendas.
887 812 1078 900 Numquae
1102 814 1238 882 Momm·

104 921 201 988 scuiua
225 921 429 1008 periclitatus
453 925 511 1004 est,
535 939 586 984 nuc
609 941 674 984 nou
698 923 849 984 mouente
876 919 1061 1005 perspicitis
1084 921 1130 986 ita
1152 945 1236 988 com·

103 1033 207 1114 parata
235 1051 319 1112 esse,
352 1031 388 1094 ut
416 1027 501 1092 viam
530 1027 640 1112 potius
668 1025 809 1110 aliquam
837 1025 948 1112 aliquo
976 1027 1071 1094 ruodo
1098 1029 1237 1095 redinte-

103 1135 206 1218 grandi
231 1135 350 1220 lapidis
373 1133 521 1200 videatur
539 1137 719 1198 monstrare
739 1133 888 1216 voluisse,
907 1155 1004 1218 quam
1023 1157 1141 1219 ponere
1156 1159 1237 1220 quae

102 1247 231 1326 apoeta
254 1241 384 1326 linguae
407 1261 484 1306 suae
507 1261 572 1304 non
596 1260 729 1324 prorsus
753 1238 867 1324 ignaro
888 1240 986 1305 scribi
1006 1242 1149 1325 potuisse
1169 1243 1237 1328 ipse

102 1349 241 1415 crederet
287 1347 400 1430 Neque
427 1345 512 1410 enirn
540 1349 608 1410 tam
633 1343 763 1410 doctum
792 1345 897 1410 virum
925 1345 1062 1412 credetis
1086 1349 1137 1414 vel
1162 1371 1235 1434 pro-

101 1457 239 1524 sodiacae
262 1453 399 1521 rationis
422 1451 626 1516 vitiationem
654 1449 688 1516 iu
712 1451 835 1533 tepenti,
862 1457 973 1530 teneat,
1000 1455 1152 1540 stabiten,
1185 1457 1235 1522 vel

101 1563 237 1629 hiatuum
260 1563 369 1628 ulcera
391 1559 425 1624 in
448 1579 519 1624 sum
539 1559 676 1640 aderitus,
699 1557 806 1640 teperti
830 1559 960 1636 incidite,
984 1560 1034 1626 vel
1054 1562 1236 1628 sententies

100 1671 274 1736 fatuitatem
299 1667 586 1754 perversitatemre
610 1665 773 1748 v.14‚16,
797 1665 847 1728 vel
872 1665 1009 1751 denique
1032 1691 1060 1734 v.
1085 1669 1123 1734 ll
1148 1671 1236 1734 iunc-

101 1775 195 1842 ta‘rum
223 1798 261 1842 ce
286 1781 316 1840 et
342 1771 575 1860 particularum
608 1771 790 1837 barbariem
818 1773 902 1838 serio
931 1774 1073 1840 suasisse
1100 1780 1133 1841 et
1161 1797 1234 1842 con·

101 1883 178 1950 culto
207 1881 458 1950 commendasse.
507 1879 648 1964 Aegrius
681 1877 813 1944 ferimus
843 1879 928 1964 qnod
960 1881 994 1946 in
1026 1881 1233 1950 evanidamm

100 1991 204 2074 spatiis
231 1991 416 2056 litterarum
446 1987 495 2052 vel
523 1983 695 2071 pingendis
725 1984 777 2050 vel
804 1985 1002 2070 explicandis
1032 2010 1073 2053 ne
1097 1989 1232 2058 Momm-

102 2098 222 2164 seniana
245 2096 375 2182 quidem
398 2093 569 2179 diligentia
589 2091 685 2158 nobis
705 2090 877 2156 satisfecit:
901 2091 985 2158 unde
1003 2097 1232 2163 existimabitis

101 2227 186 2289 quam
208 2225 273 2270 uon
296 2203 365 2269 sine
389 2220 504 2266 caussa
527 2198 565 2264 de
588 2195 650 2264 hoo
673 2219 789 2284 genere
809 2198 951 2282 graviter
974 2201 1015 2265 eb
1035 2201 1128 2268 initio
1148 2223 1231 2268 corn·

101 2299 317 2378 monuerimus.
349 2309 493 2374 Primum
518 2307 602 2372 enim
627 2327 698 2371 cum
722 2305 754 2370 in
780 2306 915 2390 singulis
940 2307 1086 2374 versibus
1105 2311 1233 2376 circiter

101 2419 188 2484 denae
209 2418 336 2484 litteras
356 2415 490 2482 detritas
509 2413 597 2498 dicit,
620 2411 653 2476 id
672 2434 737 2478 non
755 2411 838 2477 satis
857 2413 1050 2498 perspicitur
1071 2417 1232 2501 quomodo

100 2525 130 2590 iu
151 2527 245 2611 ipsius
269 2525 496 2610 supplementa
519 2519 661 2606 quadret,
687 2540 823 2604 quorum
846 2520 972 2586 nullum
996 2523 1152 2608 estquod
1176 2547 1233 2590 no-

101 2633 253 2700 venarium
275 2651 446 2698 numerum
470 2629 653 2693 litterarum
678 2631 822 2710 superet,
851 2627 1004 2712 pleraque
1032 2628 1081 2694 vel
1106 2629 1147 2695 ab
1170 2629 1232 2698 boc

87 2761 222 2812 numero
245 2739 372 2824 aliquot
393 2737 510 2802 litteris
534 2733 666 2800 distent.
702 2732 776 2798 Non
801 2733 905 2818 magis
929 2741 1038 2800 autem
1061 2735 1232 2804 dubitatio·

102 2867 166 2910 uem
187 2844 403 2932 interpunctio
426 2843 483 2908 illa
505 2840 627 2924 eximit,
649 2863 713 2924 qua
736 2839 863 2904 litteras
888 2839 1010 2904 lacunis
1034 2841 1075 2905 ab
1097 2847 1232 2928 utraque

102 2957 181 3034 parte
206 2953 370 3038 proximus
398 2949 534 3016 notavit
580 2947 672 3012 Hanc
701 2945 788 3011 enim
816 2947 974 3012 rationem
1005 2947 1031 3012 si
1060 2949 1233 3036 sequimur,

103 3057 269 3126 litterarum
293 3059 423 3124 ordines
447 3057 480 3122 in
504 3055 642 3140 singulis
661 3053 807 3118 versibus
828 3052 939 3118 subter
963 3075 1033 3118 sese
1052 3057 1231 3140 positarum

105 3162 158 3230 hoe
176 3167 319 3251 exemplo
342 3163 494 3248 descripti
518 3161 685 3248 prodeunt.

369 3340 404 3406 M
476 3336 973 3406 CVrlSaNXIIS

284 3443 1016 3514 10P0.....0c113vs

546 3549 1043 3620 .....AllODVM

373 3766 549 3835 Dar.
600 3762 935 3830 ....NA·

850 3870 1006 3936 lDITll

542 3977 1016 4044 ......Slrvs

373 4083 996 4154 ESCOl'....NEAT

414 4190 975 4260 VSEIAC..IBVS

375 4299 921 4378 QvlnT....1cM

372 4405 544 4474 EOVI
599 4405 900 4472 .....1'r
