2972 5120
314 373 378 436 518
545 388 690 435 narseus
715 387 939 435 aarrmrarrs
964 387 1223 435 ueronarmoaa

266 535 367 595 x1sat
390 533 478 596 certo
503 534 694 615 argumento
718 535 776 595 est.
821 531 994 596 Praeterea
1017 553 1099 616 quae
1123 530 1228 595 adhuc
1251 531 1419 596 innotuerint

314 638 505 703 Latinorum
534 639 754 722 antiquiorum
782 638 896 703 fictilia
928 639 1075 703 litterata
1106 638 1187 702 satis
1220 642 1339 703 constet
1361 639 1420 701 circa

270 767 276 781 ·
316 746 454 810 confinia
478 745 564 809 Latii
593 749 626 809 et
649 744 798 808 Etruriae
827 748 956 827 reperta
983 765 1053 808 esse
1085 746 1208 810 omnia:
1240 741 1422 828 eOampsuia

315 853 441 917 nullum
465 850 550 934 quod
570 851 709 916 sciamus
728 854 857 935 praeter
875 850 936 915 hoc
954 851 1062 934 ipsum
1084 850 1221 935 prodiit,
1243 851 1304 916 nisi
1321 850 1389 916 torte
1402 851 1424 912 io
1480 925 1481 931 ἵ

317 959 384 1023 eius
409 958 597 1022 societatem
620 957 763 1021 notabile
787 957 1007 1042 fragmentum
1030 958 1133 1023 musei
1154 957 1351 1024 Kiroheriani
1369 957 1426 1019 illud

318 1065 478 1129 adsciscas
502 1064 587 1147 quod
610 1064 645 1127 in
665 1064 698 1128 P.
717 1062 753 1127 L.
771 1062 814 1128 M.
833 1065 870 1129 Ε.
895 1065 959 1129 tab.
973 1063 1004 1128 X
1019 1064 1060 1128 H
1078 1067 1110 1128 et
1133 1065 1267 1149 propius
1291 1064 1328 1129 ad
1345 1085 1426 1128 seron

317 1170 431 1234 Enerr.
451 1191 482 1251 p.
499 1169 558 1232 101
585 1169 651 1234 ima
667 1170 778 1252 [supra
797 1192 826 1253 p.
842 1170 920 1250 290]
941 1171 1266 1255 repraesentavimus,
1289 1171 1370 1236 cuius
1382 1169 1428 1252 qui·

318 1277 389 1340 dem
414 1276 505 1359 origo
529 1275 699 1358 ignoratur
724 1274 771 1354 [Ο.
791 1275 816 1339 Ι.
834 1274 868 1340 L.
892 1275 909 1338 I
930 1298 962 1341 n.
979 1277 1065 1358 1661.
1104 1276 1165 1342 Sed
1184 1278 1224 1342 de
1242 1276 1294 1342 his
1312 1277 1428 1342 omnibus

318 1383 448 1445 uberius
477 1403 510 1444 se
538 1381 645 1465 ipsum
669 1381 908 1465 disputaturum
937 1383 971 1446 in
994 1381 1154 1450 Gerhardi
1177 1385 1289 1449 diariis
1312 1385 1429 1450 ausa
1479 1403 1480 1448 l

317 1487 432 1571 logicis
456 1486 661 1552 Detlefsenus
686 1488 897 1574 significavit,
921 1493 958 1553 ut
979 1490 1074 1554 nobis
1099 1490 1227 1574 quidem
1251 1493 1285 1554 in
1308 1513 1367 1556 uno
1382 1512 1429 1553 esse
1475 1529 1480 1571 ,1

318 1593 412 1657 Atilii
431 1593 639 1676 praenomine
659 1594 901 1659 subsistendum
919 1595 1076 1660 videatur.
1104 1594 1203 1661 Cuius
1222 1604 1332 1664 notem
1349 1603 1429 1662 ubuu

318 1699 350 1764 H
374 1722 416 1764 an
440 1700 469 1764 K
494 1700 595 1783 dicas,
623 1700 716 1764 valde
741 1722 811 1764 esse
840 1701 1028 1786 ambiguum
1052 1703 1154 1769 video.
1200 1705 1246 1769 Et
1269 1706 1364 1788 ipsam
1384 1705 1429 1787 qai·

319 1807 391 1870 dem
415 1807 552 1891 figuram
577 1807 604 1870 si
627 1807 836 1890 spectaveris,
866 1808 1032 1876 fatendum
1063 1812 1112 1874 eet
1139 1809 1308 1894 aliquanto
1330 1811 1430 1895 propius
1473 1860 1477 1895 Ι

318 1915 407 1978 illam
432 1914 472 1977 ad
496 1911 527 1976 H
549 1913 677 1977 litterae
706 1915 846 1998 speciem
874 1935 946 1978 eam
975 1915 1125 1981 accedere
1153 1940 1252 2002 quam
1275 1918 1375 2002 paucis
1393 1915 1429 1978 sal
1472 1936 1477 1991 ξ

318 2019 439 2083 eisdem
472 2019 568 2083 certis
602 2020 758 2103 exemplis
791 2022 966 2086 ostendant
997 2022 1122 2106 aliquot
1155 2024 1281 2088 nummi
1311 2023 1430 2087 Hatriau'
1470 2010 1476 2050 ’Δ

319 2125 536 2208 antiquissimi
560 2124 593 2189 P.
616 2125 651 2190 L.
675 2124 718 2189 M.
742 2126 779 2190 E.
807 2128 872 2192 tab.
891 2127 931 2192 V.
954 2127 1015 2211 VI,
1048 2129 1127 2193 item
1154 2152 1220 2196 una
1248 2153 1265 2195 e
1293 2129 1430 2216 glandibus

319 2232 498 2296 missilibus
518 2231 684 2315 castili,
699 2232 741 2296 28
762 2229 812 2312 [O.
826 2231 850 2296 Ι.
864 2231 900 2296 L.
919 2232 935 2296 I
953 2255 984 2299 n.
999 2234 1088 2314 670}
1120 2234 1188 2301 Nec
1203 2237 1302 2319 deest,
1323 2257 1378 2318 quo
1393 2233 1431 2296 ilb

320 2339 528 2404 coniectando
548 2339 715 2421 referatur,
730 2340 848 2404 Herios
868 2362 1079 2423 praenomen:
1102 2341 1193 2407 euius
1213 2345 1276 2408 etsi
1295 2342 1364 2407 alibi
1376 2341 1429 2404 bae

319 2451 398 2511 nota
421 2450 471 2509 est
493 2445 585 2509 HER
614 2442 663 2530 (P.
686 2444 721 2509 L.
745 2445 788 2509 M.
811 2447 849 2511 Ε.
873 2451 895 2511 t.
913 2445 945 2510 Π
964 2448 1057 2511 Εἱ-
1076 2447 1249 2513 XCVIIB
1273 2447 1319 2530 [O.
1339 2448 1361 2512 l.
1380 2444 1427 2509 LI

319 2577 349 2618 n.
369 2549 454 2637 62]),
482 2555 591 2616 tamen
620 2573 715 2634 quem
749 2552 943 2616 admodum
968 2556 1001 2616 et
1023 2552 1086 2618 VA
1115 2559 1148 2618 et
1173 2554 1262 2620 VEL
1290 2560 1321 2620 et
1341 2553 1389 2618 vo
1408 2561 1427 2612 ct

319 2660 422 2737 iuxta,
446 2659 577 2722 minime
600 2659 705 2722 vitata
728 2659 957 2742 ambiguitate,
981 2659 1118 2745 simplex
1141 2660 1230 2726 Vin
1248 2685 1306 2727 usn
1323 2661 1428 2726 suerunt.

320 2767 399 2830 item
425 2771 457 2829 et
481 2762 560 2828 SAL
585 2768 616 2828 et
636 2763 689 2827 SA
713 2770 746 2828 et
765 2761 847 2828 SER
870 2769 902 2828 et
920 2762 1003 2829 SEX
1027 2770 1059 2830 et
1077 2763 1127 2830 SE
1152 2770 1185 2830 et
1208 2767 1303 2832 simul
1325 2767 1427 2849 simpla

322 2873 357 2955 S,
389 2873 436 2936 ita
464 2872 565 2936 multo
595 2872 691 2935 etiam
721 2873 919 2936 commodius
948 2874 1017 2938 fieri
1050 2875 1197 2958 potuisse
1231 2874 1426 2941 concedendurn

321 2984 371 3043 est
394 2983 429 3043 ut
446 2978 549 3063 ‚ctiam
572 2976 605 3040 H
628 2977 763 3061 simplex
792 2977 993 3061 probaretur.
1039 2976 1102 3043 Sed
1129 2982 1240 3046 tamen
1267 2983 1427 3062 nescioquo

321 3091 487 3168 tamquam
511 3084 665 3147 instinctu
690 3104 727 3147 ee
747 3083 845 3149 ducor
867 3087 903 3148 ut
923 3085 1049 3149 facilius
1068 3091 1179 3170 putem
1199 3088 1238 3153 de
1258 3087 1429 3174 neglegenter

322 3191 409 3272 picta
432 3191 461 3253 Κ
485 3191 594 3255 littera
623 3191 720 3254 etiam
749 3191 818 3254 sine
846 3191 1002 3275 exemplis
1031 3193 1185 3278 cogitari:
1218 3194 1303 3278 qued
1327 3209 1427 3276 praeno

322 3318 395 3359 men
421 3297 447 3360 si
471 3297 574 3360 ineis
598 3318 679 3380 quae
704 3301 877 3380 supersunt
899 3300 1119 3364 monumentis
1143 3302 1280 3365 vetustis
1297 3316 1426 3385 perrarum

322 3407 372 3466 est
395 3398 499 3486 (velut
521 3402 609 3468 NV·
625 3402 803 3468 FnBlblOI
819 3439 825 3451 ·
840 3402 869 3466 K
885 3403 932 3467 ·F
961 3405 995 3468 in
1022 3405 1119 3470 titulo
1147 3407 1228 3472 item
1256 3402 1426 3472 Praenestino

322 3509 356 3572 P.
375 3509 410 3573 L.
425 3507 468 3574 M.
482 3509 519 3573 Ε.
542 3510 608 3573 tab.
629 3509 760 3592 XLV,9
786 3508 834 3590 [C.
854 3509 877 3573 l.
897 3508 933 3573 L.
956 3509 972 3573 I
994 3509 1187 3598 n.107]),a
1227 3515 1329 3579 minus
1348 3529 1423 3576 renim

323 3617 401 3681 olim
429 3616 528 3680 fuisse
559 3615 661 3699 ipsius
691 3617 862 3680 vetustatis
895 3619 993 3680 testes
1024 3620 1220 3685 recentiores
1249 3622 1354 3686 docent
1375 3617 1423 3679 be

323 3724 399 3787 lasti
428 3723 621 3788 consulares.
668 3722 730 3797 Qui
753 3723 814 3785 etsi
842 3745 861 3786 a
888 3723 985 3788 tertio
1013 3725 1222 3808 potissimum
1250 3727 1288 3792 ad
1314 3723 1421 3810 quiam

324 3831 487 3895 saeculum
519 3830 554 3893 in
586 3830 737 3915 gentibus
769 3828 871 3894 Fabia
902 3829 1013 3895 Duilio
1042 3830 1193 3907 Quinctia
1228 3831 1419 3918 frequentatum

324 3941 520 4020 monstrant,
544 3940 651 4000 tamen
675 3957 715 4000 ne
739 3940 830 4001 sexte
855 3935 983 4019 quidem
1007 3936 1088 4001 illud
1111 3959 1244 4022 prorsus
1268 3932 1419 4004 obsolevisse

324 4043 362 4106 K.
383 4043 550 4118 Quinctius
573 4043 774 4107 Flamininus
797 4042 880 4106 Livii
904 4042 1074 4127 XX11,33
1103 4049 1136 4109 et
1163 4044 1216 4110 Μ’.
1239 4043 1348 4109 Acilius
1365 4031 1418 4099 bf·

326 4150 363 4213 K.
382 4173 412 4213 n.
427 4149 549 4214 Balbus
574 4172 636 4214 cos.
661 4173 687 4214 a.
705 4151 770 4213 604
793 4155 985 4234 argumento
1009 4154 1093 4215 sunt.
1129 4150 1251 4216 Licebit
1271 4149 1354 4233 igitur
1370 4135 1416 4218 Mi·

325 4256 438 4319 ficibus
463 4257 571 4320 latinis
600 4256 815 4340 probabiliter
842 4257 906 4320 nisi
931 4257 1072 4321 fallimur
1100 4257 1235 4342 figulum
1257 4253 1413 4320 caesones

327 4361 489 4426 Atilium
523 4362 753 4448 Campanum
791 4364 914 4428 sociare
947 4363 1051 4446 quinti
1084 4364 1205 4429 saeculi
1236 4357 1356 4428 exeuntis
1379 4343 1412 4408 “¹

326 4468 466 4533 ineuntis
491 4471 581 4536 sexti.
