3108 5142
322 309 365 374 26
681 325 895 371 arrrariuvu
919 325 1100 371 uersiculi

323 468 486 554 parergon
509 469 608 552 praef.
627 491 658 551 p.
673 486 759 532 xxxl
778 467 958 549 attulimus,
972 489 1057 532 noro
1072 468 1263 532 documento
1283 468 1447 533 confirmau-

236 643 237 647 ,
326 577 399 642 dam
423 575 583 659 imprimis
603 575 761 640 idoneum.
799 573 921 640 Contra
939 575 967 639 si
989 595 1011 640 Λ
1031 597 1157 660 quoque
1176 575 1255 640 illud
1275 574 1448 660 ambiguum,

324 706 389 748 non
408 684 514 749 minus
535 684 701 749 commode
721 684 884 768 cogitatur
898 683 936 747 de
955 701 1103 748 MORTEM
1120 720 1125 732 ·
1142 701 1268 748 SVMPSI.
1305 681 1397 766 Atqui
1413 682 1449 746 ita

324 814 388 856 non
412 791 508 855 modo
532 791 656 856 duobus
686 791 802 875 spatiis
831 790 959 854 brevius
990 791 1249 874 supplementum
1274 788 1376 873 prodit
1396 786 1449 873 (rel

324 897 403 962 adeo
427 898 546 981 tribus,
579 898 606 962 si
630 898 775 982 potuisse
804 915 905 964 svmsr
932 899 1089 982 scriptum
1118 919 1188 962 esse
1212 896 1375 980 probabile
1397 894 1451 980 sit),

324 1002 379 1067 sed
403 1005 612 1087 quodetiam
642 1004 826 1088 contiguam
856 1005 1000 1069 vocalem
1031 1007 1173 1088 respuat.
1218 1002 1312 1067 Vnde
1342 1024 1450 1065 rursum
1534 1031 1535 1034 ¹

325 1111 387 1175 hoc
411 1112 625 1194 consequitur,
649 1134 714 1175 non
737 1112 851 1194 quovis
875 1116 970 1194 pacto
996 1113 1102 1178 locum
1127 1133 1197 1176 csse
1221 1135 1261 1175 rr
1286 1111 1450 1195 pronomini

272 1220 275 1226 ’
326 1241 345 1281 a
368 1216 582 1282 Mommsenio
607 1218 846 1300 commendato,
874 1218 928 1282 sed
957 1219 1053 1286 certis
1078 1218 1322 1283 condicionibus
1350 1215 1452 1302 requiri

329 1345 419 1394 orus.
457 1323 494 1387 ld
514 1327 621 1387 autem
641 1324 746 1406 ipsum
767 1347 838 1389 cum
858 1348 932 1389 mox
956 1324 1150 1390 intellecturi
1171 1325 1270 1389 simus
1290 1345 1454 1389 mensuram
1517 1401 1519 1404 Ι

297 1430 568 1495 ·iutervallorum
598 1431 748 1494 excedere
777 1431 1032 1497 aMommsenio
1062 1434 1262 1513 notatarum,
1296 1432 1330 1494 in
1356 1451 1455 1496 noram

325 1536 476 1601 inicimur
498 1537 581 1603 hanc
601 1537 844 1624 dubitationem,
870 1543 976 1603 utrum
996 1538 1083 1602 illius
1104 1537 1168 1601 fide
1186 1536 1368 1601 notationis
1386 1541 1461 1620 post-¹

325 1643 438 1708 habita
462 1644 580 1728 solum,
604 1668 666 1730 quo
690 1646 751 1710 niti
775 1668 870 1729 posse
895 1646 956 1709 visi
981 1666 1105 1728 sumus,
1127 1640 1373 1708 fundamentum
1395 1643 1457 1708 mis·

326 1773 401 1814 sum
420 1751 586 1834 faciamuS,
611 1775 652 1816 an
672 1775 731 1836 pro
759 1774 844 1824 orus
866 1775 885 1816 a
909 1751 1069 1836 lapidaria
1092 1749 1233 1834 positum
1254 1771 1326 1814 esse
1351 1772 1383 1822 o·
1405 1771 1457 1812 cre·

325 1857 448 1922 damus.
484 1855 559 1921 Non
583 1860 619 1920 ut
643 1857 741 1921 aliam
765 1857 941 1943 quandam,
965 1857 996 1922 in
1019 1879 1116 1941 quam
1136 1855 1208 1940 quis
1226 1856 1324 1920 facile
1343 1857 1458 1936 incidat,

326 1964 496 2047 supplendi
525 1964 611 2027 viam
638 1965 746 2028 statim
774 1965 814 2029 ab
843 1965 938 2030 initio
962 1966 1218 2049 praecludamus,
1247 1986 1459 2030 sampsi-arr-

329 2094 451 2135 arran·
467 2089 545 2135 musi
578 2068 643 2155 (rel
671 2093 867 2136 mervacu-
883 2070 974 2156 MIHI)
1003 2121 1166 2138 ......
1198 2091 1368 2138 ancirana
1398 2095 1459 2156 pro

280 2203 315 2242 xi
326 2178 529 2244 habilitatem
562 2179 614 2242 vel
647 2182 818 2262 propterca
850 2201 914 2244 11011
948 2179 1060 2261 habet,
1095 2179 1180 2263 quod
1214 2180 1263 2243 vis
1294 2179 1461 2244 sententiae

327 2285 432 2369 poscit
456 2289 492 2348 ut
514 2284 658 2370 gravius,
682 2307 741 2349 nec
765 2285 955 2351 secundaria
977 2291 1104 2350 tantum
1129 2287 1369 2370 enuntiatione,
1393 2283 1461 2350 illud

327 2413 397 2455 sese
425 2413 538 2475 reapse
563 2395 745 2456 assecutum
775 2415 844 2458 esse
873 2393 957 2477 quod
985 2393 1172 2477 quaesierit,
1200 2399 1300 2476 poeta
1327 2394 1461 2458 declaret

326 2495 450 2562 Eodem
465 2502 572 2561 autem
592 2497 655 2562 hoc
678 2503 869 2585 argumento
894 2501 991 2564 etiam
1016 2500 1054 2564 de
1083 2522 1148 2564 arr
1173 2504 1339 2584 praesenti
1367 2505 1460 2566 actum

327 2609 385 2688 est,
403 2628 462 2688 pro
478 2627 541 2690 quo
557 2607 724 2673 nervosius
745 2608 890 2692 profecto
906 2612 1128 2691 exspectamus
1143 2607 1320 2692 perfectum
1337 2606 1462 2693 aliquod.

326 2711 466 2778 Rursum
492 2713 524 2778 id
548 2715 655 2779 valere
678 2716 711 2778 in
736 2716 914 2778 contrarias
938 2719 1047 2798 partes
1071 2715 1191 2799 potuit,
1215 2719 1272 2780 aut
1295 2719 1334 2780 ut
1357 2715 1463 2799 largita

326 2844 395 2886 esse
412 2822 575 2904 beneficia,
599 2825 655 2885 aut
674 2820 761 2885 mala
781 2824 816 2884 ut
835 2821 1006 2885 sustulisse
1025 2843 1112 2886 mors
1131 2822 1302 2886 diceretur.
1332 2821 1462 2899 Quorum

325 2929 387 2993 hoc
409 2951 474 2993 non
498 2929 596 2994 mirer
620 2928 646 2991 si
670 2949 747 3011 prac
770 2928 827 2991 illo
851 2928 965 2992 iccirco
990 2930 1127 3013 placeat,
1149 2930 1234 3014 quod
1257 2931 1371 3014 paullo
1390 2949 1464 2995 com·

326 3033 452 3097 modius
476 3033 538 3097 dici
563 3034 732 3098 videantur
754 3041 877 3100 cunctae
901 3036 1069 3100 molestiae
1096 3035 1395 3122 sollicitudinesque
1418 3058 1463 3099 au·

326 3139 404 3203 ferri
428 3161 525 3223 quam
549 3146 657 3204 canelo
681 3140 803 3205 solacia
826 3147 859 3205 et
883 3142 1060 3207 lenimenta
1083 3142 1191 3206 tribui.
1223 3141 1293 3207 Nec
1318 3143 1465 3208 enimin·

327 3248 401 3328 epte
428 3246 518 3310 velut
545 3247 579 3310 in
608 3246 690 3312 hanc
723 3250 862 3331 speciem
896 3250 1050 3313 conicias:
1087 3267 1464 3315 svmmvm-sarira·

327 3371 405 3418 ruffi
434 3351 500 3439 (vel
526 3375 624 3424 oms·
640 3377 799 3420 nemestr-
815 3374 891 3419 rum
920 3356 972 3419 rcl
999 3377 1097 3427 carr·
1113 3377 1252 3420 rrrrsrr·
1267 3355 1364 3444 rann)
1392 3373 1465 3422 svo·

327 3479 375 3526 on
396 3496 401 3507 ·
421 3478 517 3525 roua
534 3497 539 3508 ·
556 3479 694 3530 ovacra
715 3499 720 3511 ·
742 3486 829 3527 mir·
851 3481 1066 3528 siricarius:
1104 3461 1198 3527 modo
1231 3485 1272 3526 ne
1306 3480 1465 3546 pravemer

328 3591 348 3632 a
375 3568 460 3633 bono
495 3573 527 3633 et
559 3570 690 3654 antiquo
722 3570 878 3654 scriptore
910 3571 1001 3635 nullo
1034 3569 1155 3633 dictum
1191 3570 1346 3654 sciamus,
1388 3567 1465 3635 aliud

328 3678 437 3740 autem
470 3676 567 3741 simili
601 3676 783 3761 significatu
815 3697 934 3740 nomen
962 3676 996 3739 in
1024 3697 1093 3738 raca
1120 3677 1331 3741 terminatum
1364 3677 1466 3760 lingua

327 3782 451 3845 nullum
474 3789 640 3865 praestare
664 3783 818 3847 videatur.
860 3781 946 3847 Nam
970 3783 1035 3845 ium
1058 3781 1252 3864 particulam
1281 3806 1300 3848 a
1322 3783 1383 3848 tali
1406 3780 1466 3866 qui·

328 3887 401 3950 dem
425 3891 586 3954 sententia
609 3914 674 3956 non
699 3891 801 3954 ausim
830 3890 968 3955 alienam
998 3911 1034 3954 ao
1062 3911 1101 3951 ne
1131 3888 1317 3973 languidam
1346 3889 1466 3974 quidem

330 3993 482 4059 iudicare:
506 3999 559 4059 dcr
576 3998 642 4060 Tod
662 3998 717 4061 liat
739 3998 818 4061 oriclr
842 3997 1019 4062 riccaraclrr
1041 4018 1100 4060 coa
1118 3997 1199 4062 allen
1215 3997 1347 4077 sriilrcrn
1361 3997 1465 4061 lcidca

329 4101 442 4180 bcfrcil.
485 4100 545 4166 Sed
570 4125 627 4186 pro
649 4127 816 4187 procorum
845 4105 945 4169 donec
969 4105 1105 4188 probum
1130 4104 1323 4169 vocabidum
1348 4126 1365 4167 e
1388 4107 1467 4167 tene-

330 4215 398 4280 bris
422 4211 556 4293 erueris,
589 4235 608 4274 a
632 4212 792 4275 contraria
819 4213 950 4276 notione
974 4211 1239 4294 proficiscendum
1262 4210 1332 4275 erit.
1375 4209 1467 4274 Cuius
1545 4231 1546 4240 ¹

331 4321 458 4408 generis
496 4320 548 4383 vix
586 4319 714 4383 brevius
751 4320 885 4383 verbum
920 4322 1025 4383 exstat
1066 4341 1162 4403 quam
1204 4318 1255 4381 rel
1289 4339 1384 4382 rnrr
1422 4313 1466 4378 rel

330 4433 402 4516 ipsa
430 4427 640 4512 simplicitate
670 4427 777 4510 aptius
801 4450 908 4491 aruir.
953 4425 1095 4491 Rursum
1123 4425 1198 4490 huic
1229 4424 1320 4490 locus
1352 4427 1409 4490 aul
1438 4422 1467 4486 in
