2984 5122
314 411 598 462 onsnnvs'uouus
622 411 891 461 arroasrnrcsa.
1110 399 1176 462 435

39 547 123 612 Halis
151 547 315 618 Saxonum
343 577 428 620 anno
454 557 539 620 1845
571 557 731 641 vulgavit:
769 557 825 622 ubi
853 578 870 620 a
898 557 1045 640 pluribus
1078 581 1176 642 quam

38 655 153 723 duabus
176 659 297 724 tabulis
321 659 484 744 integram
508 662 613 746 legem
637 647 819 727 constitisse
843 662 976 748 negavit
998 685 1028 747 p.
1051 665 1088 728 ll
1113 662 1176 728 hoc

38 771 221 848 argumento
246 790 332 852 nsua,
355 769 442 852 qnod
460 769 568 852 plures
588 791 652 835 non
672 770 883 835 admitterent
901 771 1084 836 necessaria
1103 793 1175 854 sup-

36 870 192 952 plementa
215 873 341 938 exordii
366 874 471 939 tribus
494 875 642 940 versibus
670 875 783 959 primis
807 875 1038 960 comprehensi.
1084 873 1176 950 Quod

36 981 68 1038 nt
87 978 181 1060 quale
206 984 292 1044 esset
313 981 431 1046 rectius
455 982 710 1066 existimaretur,
737 982 799 1048 hoc
821 983 929 1066 ipsum
952 982 1117 1047 exordium
1141 981 1175 1046 in

35 1082 152 1149 adiecta
177 1086 292 1150 tabula
313 1088 374 1152 sub
393 1089 423 1151 A
447 1089 513 1153 tale
537 1089 850 1173 repraesentavimus
875 1089 969 1174 quale
991 1107 1104 1154 revera
1127 1093 1177 1152 est

34 1191 62 1252 in
93 1213 164 1256 aere
198 1214 284 1257 nunc
316 1193 533 1278 Neapolitano
566 1195 668 1260 musei
701 1193 890 1260 Borbonici:
928 1195 1175 1280 haudquaquam

34 1299 112 1362 enim
131 1298 166 1362 in
185 1297 394 1384 disponendis
415 1300 534 1366 litteris
553 1302 799 1386 litterarumque
815 1300 939 1384 spatiis,
962 1301 1045 1366 unde
1063 1303 1097 1366 in
1115 1300 1176 1365 hac

33 1425 139 1468 caussa
163 1405 318 1470 iudicium
342 1427 437 1472 omne
460 1407 587 1492 pendet,
610 1409 706 1472 fidem
726 1407 894 1491 archetypi
918 1407 969 1471 vel
983 1407 1087 1471 Aldus
1108 1405 1176 1469 Ma-

33 1511 136 1575 nutius
160 1510 315 1598 Orthogr.
343 1517 404 1578 rat.
431 1535 461 1598 p.
480 1513 544 1578 407
566 1536 634 1598 sqq.
662 1513 714 1580 rel
739 1512 880 1578 Smetius
909 1511 960 1578 rel
990 1513 1050 1578 hos
1074 1513 1175 1576 secuti

34 1613 162 1684 Carolus
183 1617 338 1703 Sigonius
362 1621 401 1686 de
425 1627 491 1687 ant.
515 1622 583 1686 iure
601 1643 691 1706 pror.
711 1621 740 1704 1,
763 1623 803 1686 10
826 1619 1022 1703 Fulviusque
1038 1619 1176 1683 Vrsinus

34 1723 102 1788 Not.
126 1725 168 1790 ad
192 1727 256 1812 leg.
280 1731 313 1794 et
337 1727 367 1792 S.
392 1725 426 1793 C.
450 1729 516 1792 tab.
536 1727 597 1792 XV
622 1751 693 1794 cum
717 1728 895 1793 editoribus
919 1726 1101 1810 pedisequis
1126 1723 1177 1809 (nt

34 1827 165 1897 Grutero
190 1855 221 1916 p.
240 1832 306 1899 500
325 1833 387 1918 sq.)
416 1836 465 1900 vel
491 1835 584 1900 testis
614 1836 761 1900 oculatus
786 1832 1006 1918 Goettlingius
1030 1852 1175 1896 serrare·

33 1943 110 2002 runt.
147 1939 296 2024 Apparet
319 1963 356 2004 er
381 1961 419 2005 eo
443 1942 590 2026 exemplo
613 1963 740 2006 versum
763 1941 904 2025 primum
924 1941 1020 2024 atquc
1038 1939 1176 2004 alterum

33 2065 84 2126 per
106 2051 156 2112 tot
180 2051 263 2132 quot
285 2047 416 2114 bierunt
438 2049 568 2114 tabulas
592 2049 805 2134 aequabiliter
824 2047 963 2130 scriptos
982 2045 1176 2128 pertinuisse

33 2152 69 2214 ab
96 2153 167 2236 ipso
196 2154 292 2219 initio
322 2155 363 2220 ad
391 2177 502 2220 earum
531 2155 637 2220 finem.
682 2153 792 2219 Habet
819 2159 928 2218 autem
956 2153 1039 2216 alter
1066 2173 1176 2216 versus

32 2259 153 2326 litteras
178 2265 304 2345 septem
327 2264 377 2328 rel
401 2267 475 2329 octo
500 2267 532 2327 et
556 2263 687 2350 viginti:
711 2261 772 2327 boo
790 2283 924 2326 numero
943 2263 980 2324 ut
998 2268 1055 2324 aut
1073 2258 1176 2341 dupli·
1190 2281 1226 2322 rx

32 2369 99 2429 cato
123 2371 182 2432 ant
205 2367 370 2451 triplicato
394 2375 450 2434 ant
474 2369 722 2454 quadruplicato
755 2389 835 2451 opus
860 2366 904 2430 sit
926 2365 965 2430 ad
989 2365 1176 2429 tabularum

32 2475 84 2534 aut
106 2472 246 2538 duarum
270 2479 327 2538 aut
349 2476 446 2541 trium
471 2481 528 2541 ant
551 2479 704 2561 quattuor
727 2495 911 2538 mensnram
935 2469 1176 2554 complendam:

32 2579 152 2660 quando
182 2601 248 2646 non
278 2582 428 2665 aequales
461 2583 546 2646 inter
574 2605 622 2660 se,
660 2579 715 2646 sed
749 2579 839 2644 varia
871 2577 1043 2642 latitudine
1074 2577 1176 2641 fuisse

33 2705 121 2750 nemo
144 2687 210 2751 erit
233 2687 288 2772 qui
312 2688 376 2752 sibi
399 2688 599 2772 persuadeat.
629 2686 699 2752 Iam
718 2708 794 2751 rero
819 2683 1032 2768 quae'media
1054 2683 1177 2748 fuerint

33 2791 108 2856 inter
140 2793 278 2858 alterius
310 2815 421 2858 versus
454 2815 565 2858 rocem
599 2799 777 2859 extremam
809 2789 985 2855 PLEBEM
1019 2794 1052 2854 et
1082 2789 1175 2854 initio

34 2899 112 2963 tertii
143 2899 255 2984 posita
282 2899 476 2965 PREIMVS
491 2936 498 2949 ·
513 2899 655 2965 SCIVl'l'
683 2900 782 2964 verba
815 2898 932 2982 quibus
965 2895 1175 2980 praescriptio

34 3003 107 3089 legis
130 3007 379 3092 terminabatur,
402 3006 582 3072 certissimo
607 3007 726 3072 indicio
750 3010 904 3070 constans
928 3003 960 3068 in
979 3003 1040 3070 boc
1060 3025 1175 3088 genere

34 3133 102 3177 usus
126 3117 178 3180 est
202 3117 235 3178 et
257 3112 406 3197 legitima
429 3113 636 3179 consuetudo.
677 3109 743 3176 Fac
766 3133 864 3176 unum
889 3108 989 3174 fuisse
1007 3110 1062 3194 qui
1082 3129 1176 3194 roga-

33 3223 76 3282 ret
100 3221 209 3306 legem
238 3218 512 3285 C.F1mdanium:
547 3221 594 3284 ita
622 3219 764 3284 dubitari
796 3241 861 3284 non
888 3217 1012 3300 patitur
1044 3217 1176 3300 propria

33 3323 273 3402 plebiscitornm
296 3323 446 3412 formula,
469 3327 547 3411 quin
571 3325 714 3390 insecuta
738 3325 818 3389 haec
842 3325 920 3388 sint:
948 3319 1174 3388 C·FVNDA·

34 3427 886 3498 ulva-caustrannus-Panum
905 3462 912 3478 ·
931 3428 1020 3494 Iourc
1054 3432 1177 3512 reponit

33 3536 178 3620 ylclrcsquc
205 3540 293 3602 ictae
318 3541 418 3604 saud.
464 3540 562 3604 tribas
589 3561 606 3599 s
633 3561 649 3598 s
674 3537 868 3620 principium
894 3537 965 3616 suit.
1006 3557 1065 3616 pro
1094 3536 1176 3600 tribu

36 3665 123 3704 *a*
146 3667 164 3706 e
189 3644 358 3710 PREIMV
362 3645 383 3710 S
398 3681 404 3694 ·
420 3643 572 3711 SGIVI'I'.
615 3643 774 3728 Exemplo
798 3645 894 3707 sunto
918 3641 968 3704 vel
987 3641 1096 3722 Seruio
1120 3642 1175 3704 tri-

36 3745 89 3811 bus
111 3755 143 3814 et
167 3753 224 3834 qui
247 3773 306 3836 pro
330 3775 365 3818 ea
391 3752 514 3835 primus
538 3751 671 3816 sciverit
689 3749 806 3833 aliquis
827 3747 861 3826 Q.
876 3745 997 3810 Fabius
1016 3746 1050 3826 Q.
1067 3747 1100 3826 fi,
1124 3747 1175 3810 rel

37 3853 59 3913 si
85 3857 191 3938 paullo
225 3858 374 3943 longiora
405 3857 538 3922 nomina
568 3879 716 3941 quaeres,
752 3877 823 3920 cum
857 3852 1001 3918 Cornelia
1033 3852 1174 3918 sociatus

38 3959 118 4026 velut
147 3963 216 4030 Sec.
247 3963 432 4044 Qrcimtilius
458 3963 528 4028 Sca.
555 3965 597 4044 fi:
629 3963 757 4027 litteras
788 3981 873 4025 nunc
907 3957 1090 4040 deperditas
1124 3959 1174 4022 vel

39 4061 165 4134 LXXIV
187 4070 324 4136 babebis
348 4069 399 4134 vel
422 4063 583 4134 LXXXV.
629 4067 717 4133 Inter
741 4089 820 4150 quos
843 4086 997 4130 numeros
1021 4065 1174 4148 quoniam

40 4169 130 4240 ferme
152 4175 276 4242 medius
299 4181 349 4240 est
367 4175 438 4258 ipse
458 4175 696 4260 octogenarius,
719 4179 768 4238 ter
787 4175 894 4236 autern
915 4169 1031 4254 viginti
1051 4175 1174 4254 septem

41 4297 187 4346 summam
211 4285 350 4366 aequant
374 4281 470 4347 unius
501 4285 534 4346 et
557 4279 738 4365 octoginta,
771 4297 968 4362 consequens
998 4280 1048 4340 est
1070 4280 1105 4340 ut
1128 4278 1174 4342 in-

42 4387 142 4468 tegrae
168 4389 249 4473 legis
277 4408 342 4451 non
370 4387 538 4470 pauciores
569 4385 690 4450 fuerint
721 4405 816 4467 quam
850 4386 1004 4468 quattuor
1036 4383 1176 4448 tabulae.

42 4487 122 4558 Neue
146 4496 215 4580 quis
243 4495 282 4604 qe
312 4493 399 4559 notis
427 4494 550 4580 cogitet
577 4513 693 4578 quaru-
742 4513 802 4556 usu
830 4491 988 4577 quaedam
1017 4489 1175 4554 vocabula

904 4599 961 4649 28⁸
