2984 5122
291 390 579 441 oesesvrrrouus
603 391 869 440 ιιιιιιιιιιιιοιιι.
1087 377 1151 440 431

40 531 159 616 lapidem
180 554 246 596 esse
264 555 335 598 curn
353 535 477 618 primus
496 557 607 600 versus
626 541 818 620 argumento
838 538 888 600 est
906 557 1002 619 quem
1021 557 1155 618 prorsus

49 639 144 716 enuit,
168 645 233 704 tum
260 641 364 706 exitur
393 641 499 726 quarti
531 642 585 706 ubi
610 639 757 706 HOSTII
782 642 893 725 edidit,
926 643 1010 726 quod
1039 643 1154 707 sellem

48 767 96 808 esse
116 744 234 812 HOSTI
258 747 381 831 debuit,
407 747 472 812 fuit
498 748 583 813 haud
608 747 704 813 dubie
728 748 896 817 HOSTIL(
916 758 937 834 l.
985 749 1154 834 Singulere

47 873 102 914 sane
126 857 154 917 et
178 852 319 918 insolens
351 854 452 919 videri
485 859 595 940 potest
625 856 660 920 in
693 855 829 920 eundern
856 855 984 940 legendi
1013 879 1154 922 errorem

46 959 174 1023 conmuni
196 983 272 1026 casu
294 961 469 1027 Marinium
497 967 593 1046 etque
616 963 812 1046 Dumegium
836 963 998 1028 incidisse:
1030 965 1154 1030 nullam

45 1063 106 1128 enim
126 1063 202 1130 hunc
225 1067 315 1131 illius
338 1069 489 1134 notitiam
512 1069 665 1134 habuisse
689 1070 791 1153 ipsius
815 1070 944 1134 silentio
964 1071 1154 1136 credendum
1173 1093 1202 1132 ιι

45 1171 95 1252 erit,
113 1175 252 1255 quamvis
277 1175 389 1240 mirari
413 1176 508 1240 liceat
526 1198 619 1241 versu
639 1176 839 1260 paenultime
858 1176 998 1242 lacerum
1018 1177 1051 1240 M
1063 1213 1068 1226 ·
1080 1177 1154 1242 VA-

44 1275 120 1340 LERI
140 1301 252 1344 nomen
280 1285 348 1346 tam
371 1285 457 1346 recte
481 1303 554 1348 eum
578 1283 647 1348 sine
671 1282 802 1348 Marinii
830 1284 978 1368 exemplo
1006 1285 1155 1369 expedire

42 1384 163 1466 petuisse.
207 1386 462 1454 Verumtamen
489 1411 548 1454 nec
575 1389 610 1454 in
637 1389 712 1454 aliis
741 1412 805 1454 non
833 1391 952 1455 erravit
976 1390 1154 1476 Durnegius

41 1497 63 1553 et
78 1491 200 1558 sedasse
219 1499 392 1580 utrumque
411 1517 474 1560 una
494 1518 608 1560 caussa
631 1496 756 1561 fefellit.
794 1498 919 1580 Quippe
939 1499 1083 1580 graviter
1101 1497 1155 1561 ille

40 1599 386 1678 peccavitP·HOST1L
416 1603 592 1668 substituto
616 1625 674 1686 pro
698 1601 927 1668 L·HOS'l'lL:
962 1605 1075 1688 levius,
1099 1604 1155 1668 sed

40 1707 155 1784 peccavit
176 1711 288 1772 tamen
310 1711 344 1774 in
367 1707 635 1786 (ir-FVNDANI,
659 1731 755 1794 quem
779 1710 862 1775 miro
886 1715 1069 1774 commento
1090 1710 1154 1774 Gu-

40 1807 122 1875 len'um
145 1813 352 1880 Fundanium
383 1815 629 1900 interpretatur:
662 1837 795 1898 prorsus
830 1821 959 1900 praeter
990 1839 1101 1883 rerum
1130 1815 1155 1881 O

39 1915 165 2003 litteram,
192 1922 284 1986 cuins
311 1922 494 1987 inferiorem
523 1926 648 2006 partem
677 1922 829 1986 inversu
858 1923 961 2006 primo
989 1945 1155 2008 superesse

38 2031 106 2088 acute
127 2027 278 2110 pervidit,
303 2025 338 2092 in
365 2029 429 2092 fine
457 2027 653 2111 conlocavit,
683 2049 765 2112 quae
789 2027 923 2092 duarum
951 2034 1079 2094 tentum
1102 2030 1155 2094 lit-

38 2137 149 2197 terarum
171 2133 345 2199 intervallo
374 2135 512 2220 abipso
536 2135 694 2220 principio
719 2134 802 2200 L-l'
826 2135 936 2200 distat.
981 2134 1046 2201 Vbi
1070 2135 1155 2220 qnod

39 2233 125 2303 tvl
151 2239 372 2307 Mommsenus
405 2242 548 2327 suscepit
580 2249 710 2308 auctore
741 2243 973 2328 Longperiero,
1010 2243 1155 2327 inspecta

39 2343 121 2410 tabula
142 2353 254 2413 uestra
278 2371 362 2414 nnnc
381 2349 584 2435 intellegitur
605 2351 733 2435 quidem
756 2351 812 2436 qui
835 2351 914 2416 illud
937 2350 1039 2416 videri
1062 2353 1154 2436 petu-

40 2451 140 2519 stilibi
161 2461 303 2538 exstare,
331 2455 386 2520 sed
415 2457 514 2521 etiam
543 2457 661 2522 certius
689 2457 894 2540 intellegitur
922 2479 979 2522 nec
1003 2455 1033 2520 A
1056 2457 1154 2541 scrip-

40 2564 85 2620 tun
112 2561 207 2628 fnisse
238 2567 315 2646 post
338 2561 376 2645 V,
409 2585 467 2628 nec
497 2563 582 2650 quod
612 2564 707 2628 fenile
740 2565 899 2649 quispiam
933 2563 1155 2648 amplectatur,

44 2661 68 2722 l:
87 2673 192 2732 neutra
219 2669 307 2734 enim
335 2668 446 2736 littera
477 2675 545 2734 tem
579 2675 718 2754 anguste
748 2671 854 2754 spatio
882 2671 1030 2736 accedere
1059 2671 1100 2736 ad
1123 2670 1154 2735 V

40 2773 130 2850 potuit,
160 2775 331 2859 utriusque
358 2783 525 2862 praeterea
557 2799 634 2862 pars
667 2779 803 2842 sinistra
833 2777 934 2842 nimia
962 2777 1154 2861 obliquitate

39 2885 106 2944 esset,
147 2879 240 2947 Hane
264 2883 365 2968 igitur
387 2883 492 2967 ipsam
517 2889 644 2970 partem
673 2884 841 2949 sinistram
866 2882 883 2952 >
912 2883 1059 2948 dubitare
1086 2884 1154 2948 noli

39 2984 185 3053 tinctura
203 2991 314 3075 petius
335 2991 454 3074 lapidis
473 2997 618 3077 repetere
638 3015 734 3076 quam
754 3015 772 3056 e
790 2991 989 3076 quadratarii
1008 2991 1154 3057 consilio.
1286 3055 1299 3078 ,

39 3085 102 3160 Quae
121 3101 246 3162 restant
271 3098 332 3162 etei
356 3102 409 3163 sat
431 3097 596 3163 commode
616 3098 734 3163 dixeris
758 3119 775 3162 e
798 3095 914 3162 L·VV
939 3097 1053 3162 relicta
1076 3121 1154 3182 esse,

39 3200 119 3264 tenen
140 3203 292 3287 quonium
316 3203 378 3268 VV
406 3204 588 3270 litterarum
617 3207 807 3271 societatem
835 3209 925 3270 aetas
947 3205 1005 3268 ille
1028 3227 1154 3270 averse·

38 3305 336 3386 mensurarum
360 3310 601 3396 laceratumque
625 3311 808 3375 litterarum
838 3315 925 3376 strue
954 3312 1030 3396 ista,
1057 3335 1154 3397 quam

38 3415 102 3477 cuni
123 3416 180 3480 lide
204 3439 241 3482 ac
266 3417 422 3502 religione
449 3417 678 3503 lithographus
706 3419 854 3482 imitatus
883 3423 946 3502 est,
978 3419 1064 3484 haud
1089 3421 1154 3484 seio

39 3533 67 3578 ιιι
84 3521 140 3586 tale
160 3525 268 3607 potius
297 3545 413 3588 nornen
443 3523 545 3588 lateat
572 3525 680 3609 qualia
709 3525 818 3590 futura
847 3525 914 3590 sint
937 3523 1155 3591 wercum

41 3617 87 3687 (rel
107 3625 350 3714 uvozcauus)
374 3681 381 3694 .
401 3631 448 3712 ,ᾗ
472 3637 509 3696 tr.
529 3631 574 3713 pl.
611 3631 731 3706 Quodsi
755 3633 826 3716 quis
850 3632 935 3698 forte
959 3653 975 3694 e
999 3635 1155 3715 quattuor

40 3745 97 3806 quae
126 3756 204 3801 nnnc
237 3741 396 3821 apparent
422 3737 515 3801 lineis
548 3737 616 3802 illis
640 3737 699 3802 Vll
728 3739 808 3802 duas
842 3737 928 3802 casui
956 3743 989 3802 et
1018 3737 1153 3802 iniuriae

39 3833 191 3920 lemptorum
212 3841 568 3928 tribuat‚etprin1am
592 3847 624 3907 et
648 3846 791 3928 tertiam,
815 3846 861 3908 ita
883 3865 1079 3928 quamquem
1103 3848 1154 3908 sat

41 3943 188 4034 lrpbebilis
211 3949 317 4036 figura
341 3951 481 4034 supersit
503 3951 692 4016 dimidiatae
713 3951 761 4034 M,
785 3973 865 4037 quae
885 3951 1046 4036 pertinere
1065 3952 1154 4015 velut

42 4045 209 4122 dundee
238 4077 358 4122 nemen
389 4057 546 4141 potuerit:
588 4061 698 4124 temen
727 4057 786 4122 teli
819 4057 1024 4122 coniecturae
1056 4058 1153 4123 iuter·

42 4159 142 4230 llssctio
164 4163 287 4245 ebetat,
310 4185 391 4247 quae
415 4163 498 4229 inter
516 4163 542 4230 L
561 4171 594 4230 et
612 4164 642 4230 V
663 4188 755 4231 suum
775 4166 881 4230 lecum
906 4165 1047 4230 medium
1067 4169 1153 4231 reete

43 4269 137 4348 servat,
157 4289 175 4332 a
192 4268 226 4334 M
248 4270 359 4336 litters
377 4271 478 4336 nimio
497 4271 668 4337 intervallo
688 4273 796 4338 distat.
830 4271 891 4336 Sed
908 4271 1017 4355 ipsum
1035 4295 1153 4338 nemen

43 4368 239 4460 ‘luleenmque
262 4377 338 4458 fnit,
361 4375 477 4442 similis
501 4379 647 4462 profecto
674 4381 776 4464 ipsius
799 4379 917 4464 lapidis
941 4379 1032 4444 lebes
1057 4402 1153 4464 quae·

44 4463 109 4556 dam,
127 4475 141 4539 Ι
161 4479 283 4548 litterae
306 4483 455 4548 fallacem
479 4487 617 4570 speeiem
637 4485 791 4568 referens,
816 4487 915 4551 etiarn
934 4507 1030 4552 versu
1050 4487 1152 4552 altero
