3108 5142
317 274 360 340 32
676 277 1097 368 srrrsrrrrvu1urrrarovu
1124 327 1126 336 ,

316 436 421 499 cendio
437 435 567 519 effapere
584 438 761 504 uiolentiam
777 446 916 516 naturae.
932 478 973 489 -
992 440 1150 524 Excipere
1164 439 1298 502 autemr

316 546 369 606 tus
392 547 505 626 portus
529 544 583 608 ille
612 549 699 611 certo
722 569 788 611 non
817 547 857 611 ad
882 549 1022 632 quietem
1046 561 1211 611 srrrrrrrrr
1240 543 1283 606 dir

316 648 506 734 Pomponio,
529 651 585 734 sed
605 652 673 715 sine
692 652 762 716 ulla
780 657 1000 720 controversia
1019 668 1269 750 Ap·Qv1r:ruu·

317 759 430 838 aperta
452 755 634 822 imitatione
662 757 783 842 Plauti,
811 761 974 844 Amphitr.
994 760 1019 844 Ι,
1042 764 1069 844 l,
1086 759 1161 823 123:
1196 756 1251 821 No

315 867 398 925 nocte
420 863 585 944 louptorem
606 885 654 928 me
676 866 786 930 empse
808 887 918 945 censeo,
942 869 1017 932 Nisi
1035 868 1140 931 itidem
1157 884 1234 928 unat

315 990 409 1049 prtum
428 972 558 1052 pependi
574 978 735 1054 perpetem.
776 973 858 1038 lbid.
881 974 923 1057 ΙΙ,
947 976 977 1053 2,
1000 975 1074 1038 100:
1102 971 1157 1036 lot
1179 991 1219 1034 co

315 1077 415 1156 quievi
432 1077 468 1141 in
489 1081 564 1143 navt
585 1086 700 1144 noctem
718 1086 881 1162 perpetem.
916 1080 961 1144 Et
983 1081 1076 1144 Tmo.
1091 1077 1135 1161 ΙΙ,
1150 1077 1202 1158 2,·

315 1183 361 1244 tta
384 1189 498 1247 noctem
520 1186 555 1248 tn
577 1187 753 1249 stramentis
769 1191 952 1266 pernoctare
971 1190 1133 1268 perpetuu.
1180 1187 1193 1242 .“

315 1287 404 1352 Festi
428 1313 458 1374 p.
478 1292 540 1355 217
561 1291 620 1355 M.:
647 1291 726 1355 trano
749 1312 873 1372 operam
900 1294 979 1357 mitri
1001 1295 1053 1358 des
1071 1310 1176 1374 perpe

314 1393 346 1458 N
349 1397 415 1461 onii
443 1421 473 1482 p.
499 1398 556 1463 88:
588 1399 821 1463 amputatum
847 1405 1003 1481 perpetem
1028 1397 1154 1481 probitu

315 1500 430 1567 Restat
457 1508 493 1568 ut
519 1510 662 1570 extremo
690 1526 785 1568 versu
814 1504 984 1571 laudemus
1013 1507 1103 1570 reete
1134 1529 1147 1562 r

316 1613 496 1676 stauratum
529 1629 646 1678 DONEC
661 1647 668 1660 ·
683 1629 830 1675 vrurur·
847 1635 998 1678 ererum.
1051 1609 1112 1676 Cui

314 1720 397 1800 tum,
429 1736 608 1784 Dourcvrr·
627 1740 740 1783 roms·
756 1736 859 1782 meur
894 1743 932 1784 ea
960 1720 1092 1784 demum

314 1821 394 1904 (non
416 1823 596 1911 praeferre)
620 1825 738 1908 ausim,
769 1830 807 1889 ut
831 1827 935 1892 denuo
960 1828 1096 1910 inspect

314 1949 383 1991 ram
407 1946 527 1995 Douuc
552 1932 640 1996 vocis
664 1953 724 1996 neo
747 1950 760 1995 1
788 1936 867 2016 post
888 1933 1042 1998 lacunam
1072 1959 1079 1990 r

403 2036 608 2121 Explicatius
641 2042 675 2103 et
706 2043 876 2124 tamquam
912 2037 1068 2103 familiari

314 2143 491 2208 versiculos
510 2145 740 2229 tractavimus,
760 2151 859 2230 atque
875 2143 1048 2228 singillatir

312 2253 491 2330 potuerunt
515 2274 608 2335 sane,
639 2253 667 2316 si
692 2252 798 2317 doctis
827 2251 1042 2316 scriberemru

312 2355 375 2438 igi:
399 2355 456 2420 sod
481 2359 729 2423 exeusationem
752 2359 850 2424 nobis
874 2379 912 2422 eo
936 2357 1012 2440 ipso

312 2462 398 2544 quod
422 2462 490 2527 iam
515 2466 648 2550 saepius
668 2465 809 2549 professi
833 2486 945 2529 sumus
971 2465 1002 2526 di

310 2570 482 2649 prooemia
507 2593 608 2655 quam
637 2573 741 2636 doctis
765 2570 915 2655 scribere.
961 2571 990 2632 V

311 2679 375 2758 est,
407 2697 474 2759 quo
504 2699 575 2744 non
603 2677 751 2762 expedito
781 2675 956 2741 verendum

309 2782 526 2848 venustulum
557 2806 689 2850 carmen
716 2783 848 2847 minime
877 2782 955 2846 dum

308 2887 414 2970 enim,
439 2889 499 2971 qui
525 2891 595 2954 sine
620 2891 795 2954 offensione
818 2909 932 2952 versus

306 2997 355 3054 est
374 2991 498 3058 chortis
518 2997 702 3059 orarrdatum
719 2995 773 3057 (liu
791 2993 853 3056 -?
890 2995 927 3070 (ξι

305 3117 385 3160 esse
412 3099 561 3183 sentitis,
584 3100 640 3164 sed
662 3121 702 3162 ne
725 3122 744 3163 a
766 3098 910 3163 latinitat

305 3223 349 3266 eo
378 3206 550 3271 sermonis
573 3226 698 3289 genere,
721 3204 898 3270 ad'euius·

303 3312 526 3394 composuit,
558 3313 740 3376 marrdutum
766 3311 874 3376 locum

301 3418 513 3481 arrandutum
541 3423 583 3482 est
606 3416 686 3482 satie
710 3417 781 3482 fluit
803 3419 871 3482 sim¹

300 3517 521 3607 legeremus,
544 3523 627 3607 quod
650 3545 717 3589 non
739 3523 821 3608 legit
845 3525 873 3586 λ’

298 3625 433 3714 rinna,
465 3629 519 3694 vel
542 3645 706 3692 murentur
733 3629 783 3693 vel
812 3649 852 3692 u·

298 3751 428 3811 quam
448 3735 501 3800 vel
516 3723 561 3799 sie
576 3734 702 3798 hiatum
717 3737 832 3820 aliqum

296 3832 566 3920 Exspectamus
591 3840 679 3904 enim
703 3843 818 3925 prius·

296 3940 470 4008 rabilem
493 3945 603 4025 fuisse,
628 3951 662 4008 et
682 3955 811 4030 poetau·

295 4063 430 4123 quam
454 4050 603 4111 vexatum
628 4051 805 4120 incommo.

293 4145 515 4216 dubitamus
539 4152 619 4235 quin
638 4155 729 4225 iuter
749 4187 776 4228 v.

292 4251 420 4319 aliud
445 4257 571 4341 agentis
594 4257 763 4342 lapicidae
791 4310 794 4321 ·

420 4361 514 4425 Nune
547 4364 649 4447 igitur
686 4381 728 4440 ut
763 4407 767 4433 .

1012 3688 1017 3696 Ι
1075 3739 1151 3774 -srr
1182 3701 1473 3774 ffffiqpadffln·
