2972 5120
399 375 682 424 svernnnnauvn
706 375 754 425 111.
1082 357 1145 424 527

41 517 87 582 illa
105 519 210 601 mtate,
236 539 298 603 qua
320 518 471 584 consules
494 518 625 585 omnino
652 519 735 584 nulli
757 517 899 602 fuerunt,
929 539 1091 584 summum
1114 518 1148 584 in

41 623 197 706 republica
217 623 387 710 imperinm
409 624 533 698 ,tribuni
556 625 697 692 militum
722 625 883 692 consulari
906 627 1068 708 potestate
1092 626 1147 691 ob-

40 730 186 796 tinuerunt
223 729 309 806 Quoi
332 731 481 797 tribunos
504 733 645 798 militum
669 729 759 816 (sunt
782 734 890 797 autem
913 730 969 816 qui
991 731 1054 797 buc
1077 753 1148 818 per·

39 835 140 902 fiuant
159 858 287 903 numero
310 837 433 926 decem)
459 839 517 904 ubi
545 861 618 906 oum
645 837 725 924 ipsis
749 837 934 904 consulibus
958 837 1148 924 aequaveris

38 979 68 986 -
88 942 141 1008 boc
161 944 242 1008 enim
265 945 338 1029 quis
360 945 413 1011 vel
437 945 583 1030 potuisse
610 944 681 1010 fieri
704 943 755 1010 vel
777 943 898 1010 rationi
921 945 1150 1011 convenienter

36 1046 135 1114 iscam
159 1071 225 1116 esse
245 1051 439 1137 negaverit?
462 1089 504 1100 -
530 1055 662 1118 manent
684 1052 799 1118 calculi
822 1052 899 1136 mei,
928 1053 956 1118 si
980 1075 1001 1117 a
1022 1052 1149 1118 leviori·

36 1154 82 1217 bus
104 1155 283 1238 quibusdem
315 1157 412 1224 rebus
444 1160 496 1224 rel
528 1162 644 1244 suapte
671 1161 790 1224 natura
815 1159 922 1224 dubiis
952 1159 1149 1241 discesseris,

35 1280 143 1341 prorsas
164 1263 240 1327 recti
264 1267 360 1348 atque
380 1264 513 1350 integri,
537 1273 633 1350 atque
648 1265 728 1331 adeo
742 1265 851 1349 paullo
866 1264 1052 1330 distinctius
1066 1264 1148 1330 illud

33 1365 139 1452 docent,
167 1369 326 1453 quomodo
348 1393 407 1454 per
429 1372 508 1437 duas
532 1376 668 1455 aetates,
691 1372 767 1437 anni
791 1372 919 1437 circiter
941 1371 1005 1438 391
1030 1371 1147 1437 finibus

32 1471 175 1558 discretas,
203 1475 283 1540 certi
306 1497 497 1562 progressas
521 1479 587 1544 sint
609 1501 629 1543 a
650 1479 814 1562 paucitate
841 1478 882 1544 ad
905 1478 1148 1544 multitudinem
1209 1511 1220 1534 ·

31 1599 82 1642 uon
102 1581 312 1647 consularium
334 1582 530 1650 dictatorum
553 1583 641 1650 iacti.

101 1685 208 1754 (latera
226 1709 308 1774 quae
328 1687 563 1757 ablommseno
587 1691 667 1756 mibi
685 1691 838 1776 opposita
856 1689 959 1771 video,
978 1697 1147 1777 quantum·

30 1791 67 1856 ris
93 1815 146 1878 per
171 1817 203 1860 se
229 1796 398 1862 fructuosa
429 1798 469 1861 ad
502 1797 617 1863 melius
650 1796 889 1882 perspiciendas
920 1797 968 1862 rei
999 1798 1148 1883 publicae

28 1900 149 1966 rationes
170 1903 429 1988 mutationesque
449 1903 629 1988 videantur,
652 1907 854 1970 tamencum
875 1903 944 1968 eius
962 1925 1045 1989 qaae
1064 1927 1149 1970 cum·

28 2006 146 2073 nanno
167 2010 277 2094 agitur
299 2009 502 2094 quaestionis
524 2011 657 2076 notione
679 2031 747 2076 non
770 2013 847 2076 sunt
869 2031 907 2075 eo
926 2009 1054 2078 vinculo
1073 2033 1147 2077 oon-
1169 2079 1172 2082 .
1240 1992 1246 2001 Ι

27 2109 131 2198 iuncta,
157 2119 194 2180 ut
220 2115 372 2182 adhunc
402 2117 609 2200 potissimum
635 2115 848 2182 dirimendam
875 2115 1013 2184 caleant.
1062 2117 1148 2184 Nam

26 2217 144 2298 pn'mum
166 2222 296 2306 quidem
319 2222 430 2288 Livius
455 2225 522 2288 sive
546 2227 694 2290 accurate
721 2228 755 2290 et
781 2247 799 2290 o
827 2247 905 2290 vero
933 2224 971 2289 de
1000 2223 1060 2308 lopo
1081 2245 1148 2289 con·

25 2325 157 2392 mam
179 2329 386 2412 lepasdmucm,
409 2352 492 2415 quae
510 2331 576 2395 iam
596 2354 616 2395 a
635 2331 793 2416 principio
807 2331 999 2413 obtinuerit,
1021 2331 1149 2395 rettulit

25 2427 39 2490 l.
55 2428 83 2494 ΙΙ
103 2455 126 2498 c.
146 2436 196 2520 18,
227 2436 295 2502 sive
319 2437 537 2522 posteriorum
565 2441 733 2504 auctorum
756 2437 807 2502 vel
829 2435 943 2502 fraude
966 2436 1017 2501 rel
1040 2457 1149 2502 errore

24 2535 155 2622 deceptas
177 2543 218 2608 ad
242 2543 472 2627 antiquitatem
494 2545 664 2610 transtulit
691 2543 775 2629 quod
803 2543 991 2610 recentioris
1019 2542 1149 2608 demum

23 2645 121 2711 aetatis
151 2669 242 2716 more
275 2648 517 2714 increbruisset:
552 2649 629 2734 quid
660 2650 693 2714 id
725 2649 765 2714 ad
797 2649 902 2732 ipsam
934 2647 1147 2732 posteriorem
1163 2669 1184 2710 x

23 2753 144 2820 auam
166 2755 373 2822 iudicandam
402 2755 549 2822 madert?
594 2756 678 2822 Item
707 2778 779 2822 cum
802 2775 864 2841 ego
886 2753 1040 2820 dixissem
1062 2755 1150 2822 circa

23 2877 123 2924 mnam
152 2885 182 2927 u.
209 2883 236 2926 o.
260 2861 327 2926 434
355 2861 457 2928 videri
487 2885 573 2928 nova
605 2863 665 2947 lopo
695 2862 806 2948 aliqua
839 2861 880 2928 ad
911 2861 1086 2946 pristinam
1116 2861 1150 2926 in

22 2965 147 3031 caandn
169 2967 387 3034 dictatoribus
410 2969 618 3034 severitatem
640 2969 780 3034 reditum
804 2989 883 3051 esse,
907 2971 1021 3033 contm
1042 2967 1150 3052 dispu-

21 3071 81 3134 tans
102 3071 322 3140 Mommsenus
346 3075 561 3160 commodius,
587 3097 684 3160 quam
707 3074 746 3139 de
770 3075 843 3158 lopc,
873 3073 913 3138 de
941 3075 1047 3140 senati
1075 3095 1148 3139 eon-

20 3174 92 3242 sulto
118 3181 337 3268 cogitari‘sat
363 3203 441 3246 sane
471 3180 686 3266 probabiliter
716 3180 942 3246 ratiocinatur:
974 3201 1085 3247 verum
1113 3185 1151 3245 ut

20 3281 112 3350 tamen
132 3309 173 3352 ue
195 3287 260 3354 hoc
283 3287 414 3373 quidem
437 3288 477 3353 ad
501 3293 586 3354 recte
611 3287 858 3354 existimandam
882 3309 948 3355 non
971 3287 1149 3352 consularis

19 3381 144 3458 hominis
161 3392 299 3460 Minucii
322 3394 515 3462 dictaturam
534 3395 634 3460 ullam
653 3395 718 3460 vim
738 3395 871 3461 babeat:
894 3417 953 3462 nec
972 3396 1059 3460 enim
1078 3417 1150 3479 pro·

19 3489 90 3560 lecto
115 3499 212 3566 buius
241 3501 421 3568 dictaturae
449 3501 579 3587 gravior
607 3501 782 3566 insolentia
809 3503 860 3586 fit,
892 3503 919 3567 si
947 3523 1011 3567 non
1035 3502 1149 3585 alege

18 3604 124 3688 populi,
147 3607 205 3672 sed
230 3629 251 3672 a
275 3608 378 3673 senati
402 3609 549 3674 consulto
574 3611 662 3672 certa
680 3629 762 3692 quae
780 3610 858 3693 post
875 3629 994 3673 annum
1013 3607 1078 3670 433
1102 3607 1149 3671 in·

19 3706 107 3772 valuit
128 3713 329 3779 consuetudo
353 3714 518 3800 repetitur.
557 3713 647 3797 Ergo
670 3714 705 3778 bi
729 3713 791 3779 duo
816 3711 1062 3798 argumentandi
1086 3711 1148 3777 loci

18 3831 79 3878 oum
99 3817 139 3882 ad
161 3842 215 3885 res
241 3819 447 3887 secundariae
471 3819 517 3904 (b.
532 3843 558 3886 e.
576 3821 611 3886 in
633 3819 695 3886 bac
713 3821 902 3904 quaestione
926 3817 1149 3903 secundariae)

18 3925 159 4009 spectent,
182 3925 259 4010 plus
281 3927 434 4011 ponderis
458 3926 559 3992 videri
577 3930 686 4011 potest
703 3926 783 3992 illud
802 3925 931 4004 habere,
955 3923 1148 4009 quodcaus·

18 4043 76 4090 ⁸²1ss
102 4032 242 4116 perspici
267 4029 487 4096 Mommsenus
517 4036 629 4116 negat,
661 4053 718 4097 cur
745 4031 802 4096 illo
829 4030 1035 4115 potissimum
1063 4051 1148 4096 anno

17 4129 71 4196 533
96 4135 177 4222 (sive
208 4159 330 4203 annum
358 4137 424 4202 534
450 4137 592 4204 ve1535
621 4133 843 4222 substituetis)
872 4159 892 4202 a
919 4136 1149 4203 consuetudine

17 4241 204 4310 recederetur
237 4245 303 4309 iam
339 4243 380 4309 ad
415 4245 498 4330 legis
531 4245 633 4310 vicem
670 4266 770 4329 prope
804 4243 981 4324 accedente.
1026 4239 1148 4308 Verum

17 4345 113 4413 tamen
134 4349 168 4416 in
194 4350 278 4435 legis
301 4350 405 4418 vicem
433 4373 471 4416 ea
498 4351 696 4416 consuetudo
724 4349 870 4434 profecto
898 4349 963 4415 iam
987 4348 1073 4415 circa
1096 4372 1149 4416 an·

16 4471 81 4516 nun
104 4455 167 4520 467
194 4455 331 4542 abierat,
354 4479 427 4523 cum
449 4479 508 4542 per
530 4457 686 4541 temporis
710 4456 851 4539 spatium
874 4456 947 4540 plus
971 4477 1068 4539 quam
1092 4461 1147 4526 tri·
