3108 5142
391 390 562 440 roarosu
585 391 726 440 sessum
752 390 900 440 rosula.
1177 377 1218 444 27

92 533 238 616 superiore
258 555 352 598 uersu
371 555 441 599 esse
462 534 571 619 potuit
593 535 701 600 autin
720 535 906 619 posteriore.
939 535 1010 602 Hoc
1030 537 1057 602 ei
1076 559 1221 623 sequare,

90 661 254 722 proponere
294 640 345 706 vel
382 641 444 706 hoo
482 641 662 726 exemplum
699 641 791 708 licet:
830 659 969 710 avarsu-
986 665 1089 716 orae·
1105 666 1219 712 eraso·

90 765 155 810 mrsu
173 782 179 794 ·
198 765 266 814 suo
302 765 350 812 oe
370 781 376 796 ·
397 765 493 813 usone
514 781 520 794 ·
540 765 1027 828 OVNCTA·0n01r·LnrAa!1rA,
1065 751 1115 818 vel
1145 752 1219 818 hoc:

90 871 611 920 summasunmna-suns
632 889 638 902 ·
659 873 809 921 evoma
835 875 932 923 noas:
952 893 959 906 ·
979 875 1144 932 cuncus·
1164 882 1219 924 us·

88 983 152 1024 uir·
165 979 345 1028 conrnune
394 960 468 1026 Non
500 965 611 1044 potest
642 961 860 1029 demonstrari
893 963 928 1028 in
965 962 1018 1029 his
1049 965 1133 1030 falso
1166 965 1219 1032 ad·

88 1069 207 1134 missum
228 1091 299 1134 esse
320 1071 546 1152 anapaestum:
570 1067 626 1132 sed
651 1069 767 1135 sentiri
785 1073 894 1154 potest
912 1073 1034 1156 quanto
1057 1073 1132 1158 pluis
1152 1072 1220 1138 siue

88 1181 251 1260 anapaesto
275 1175 398 1263 gratiae
420 1175 545 1241 numeri
574 1174 716 1240 habituri
745 1176 820 1242 siut.
866 1178 937 1256 Quo
961 1177 998 1243 fit
1021 1183 1057 1244 ut
1080 1179 1120 1244 ad
1144 1181 1219 1244 alte·

87 1303 145 1346 ram
171 1283 281 1366 potius
309 1283 469 1348 rationem
497 1303 669 1348 avocemur
700 1285 919 1370 superiorique
952 1287 1059 1352 versui
1087 1287 1219 1354 verbum

88 1390 322 1472 grammaticum
362 1390 410 1454 sio
444 1411 518 1454 vere
555 1393 717 1474 aptemus:
763 1412 849 1462 ou'rr
865 1427 872 1440 ·
891 1414 1015 1458 oscur-
1035 1411 1101 1459 svo
1121 1429 1127 1444 ·
1148 1412 1219 1458 na·

87 1514 170 1562 noun
185 1533 191 1544 ·
207 1513 349 1562 cuncus
365 1532 372 1544 ·
387 1518 452 1562 1A11
465 1533 471 1544 ·
486 1515 689 1563 nascamus.
735 1496 886 1564 Diximus
913 1500 1024 1584 paullo
1052 1505 1127 1566 ante
1155 1522 1219 1586 qno

87 1603 169 1668 modo
188 1603 274 1669 tueri
293 1603 358 1666 ium
384 1603 578 1687 particulam
601 1604 728 1669 liceret:
752 1605 806 1670 aed
828 1605 925 1672 iidem
948 1605 1130 1693 elegantiae
1153 1609 1220 1691 qui·

86 1709 147 1775 dem
169 1709 304 1776 maioris
332 1708 461 1774 laudem
491 1709 577 1774 haud
601 1733 678 1776 sane
702 1711 883 1796 composito
907 1713 1066 1780 vocabulo
1089 1713 1220 1800 deroga·

86 1839 147 1881 mus
174 1817 315 1903 quinque
344 1815 481 1900 syllabis
509 1817 749 1902 comprehenso.
803 1817 896 1886 Talia
922 1819 985 1886 duo
1014 1821 1220 1905 potissimum

86 1925 114 1987 in
139 1929 291 2009 promptu
319 1927 408 2008 sons,
444 1942 671 1990 consonamus
699 1927 733 1990 et
759 1943 988 2006 pransurum,
1019 1927 1099 1992 illud
1126 1927 1220 1992 unias

86 2029 268 2116 Hieronymi
301 2031 446 2116 exemplo
478 2033 655 2118 cognitum,
691 2031 747 2118 qui
780 2033 923 2099 nescitur
952 2055 1028 2098 num
1061 2033 1219 2119 antiquio-

86 2159 128 2202 res
158 2139 199 2204 sit
232 2141 378 2222 secutum,
417 2137 481 2203 hoo
512 2137 632 2202 nullius
664 2137 833 2222 scriptoris
866 2139 934 2204 ullo
966 2140 1127 2226 exemplo,
1164 2141 1219 2206 sed

85 2243 159 2308 idem
191 2247 404 2330 cognatarum
437 2241 679 2328 comparatione
713 2243 889 2312 formarum
922 2247 1157 2312 delenimentum
1189 2251 1221 2312 et

86 2351 429 2434 ariomanitarum
450 2355 518 2416 tam
537 2350 674 2416 firmiter
693 2351 906 2440 defensum*),
925 2359 962 2418 ut
980 2353 1122 2420 securius
1142 2377 1219 2422 sane

85 2458 279 2540 amplectere.
320 2456 389 2522 Nec
412 2457 605 2522 inusitatum
630 2459 822 2526 vocabulum
846 2461 1044 2546 Pomponius
1067 2461 1219 2528 carminis

86 2564 129 2628 sui
145 2565 205 2630 ul
226 2564 365 2650 defugit,
388 2563 471 2628 unde
494 2564 726 2648 tranasunperer
749 2563 927 2632 addendum
952 2567 1073 2634 lexicis.
1102 2569 1221 2648 Quam·

85 2693 171 2754 quam
189 2672 353 2738 noluimus
372 2671 420 2736 ita
437 2669 603 2754 hariolari,
621 2675 657 2736 ut
676 2693 776 2737 noves
796 2671 858 2738 huo
877 2695 972 2740 uoces
991 2675 1221 2743 ascisceremus

84 2795 303 2844 anseranum
338 2778 386 2842 sel
418 2797 682 2842 σοιινιιειιιιιιι.
733 2777 802 2844 lam
832 2779 932 2866 igitur
959 2779 1084 2846 dnobus
1113 2787 1275 2854 exem-xus

85 2885 141 2968 plis
172 2907 269 2972 supra
300 2885 476 2970 propositis
514 2883 618 2948 altera
655 2883 718 2950 duo
756 2884 836 2954 haec
869 2885 1037 2952 accedunt:
1079 2905 1220 2954 anness-

87 3014 178 3064 um·
193 3015 293 3058 ornus
306 3029 312 3042 ·
326 3010 407 3058 ιιιιιι
422 3027 428 3042 ·
444 3009 509 3058 suo
525 3027 531 3040 ·
547 3010 593 3056 ns
610 3027 615 3040 ·
630 3011 726 3060 nous
743 3029 748 3042 ·
765 2995 901 3060 evucnu
918 3029 924 3042 ·
941 3013 1169 3062 consonamus
1189 3002 1222 3063 et

87 3116 619 3166 summariorum-nm
639 3135 645 3148 ·
665 3117 751 3166 svo·
772 3119 1221 3170 nenena-cvmpvr-

88 3225 253 3274 sessurus.
299 3206 425 3272 Horum
450 3211 560 3272 autem
588 3207 731 3273 omnium
760 3208 836 3294 quid
866 3209 998 3276 tandem
1030 3233 1140 3278 rernm
1168 3213 1222 3296 sit,

88 3315 111 3377 is
139 3314 263 3380 demum
297 3313 403 3380 dicere
434 3315 558 3398 poluerit
594 3315 648 3398 qni
685 3315 827 3400 lapidem
861 3317 965 3384 denuo
998 3316 1100 3385 oculis
1131 3341 1221 3384 usur·

88 3422 217 3503 paverit:
253 3422 382 3507 quando
412 3422 445 3486 in
472 3419 679 3486 Mommsenii
711 3421 840 3506 quidem
874 3423 1069 3488 leslimoniis
1101 3445 1221 3509 nequa·

90 3548 175 3610 quam
198 3529 277 3594 salis
301 3527 373 3612 opis
402 3527 513 3594 estad
537 3525 746 3592 difficultates
769 3549 882 3593 omnes
905 3529 1126 3614 expediendas
1160 3530 1221 3608 Qui

90 3653 153 3698 cum
170 3634 336 3720 utriusque
356 3653 466 3699 semus
485 3633 632 3698 lacunam
655 3655 771 3700 nouem
790 3634 973 3701 litterarum
997 3637 1113 3722 spatiis
1137 3635 1179 3723 (si
1200 3657 1221 3703 ιι

90 3737 160 3805 illud
188 3739 362 3828 addideris)
389 3739 610 3826 descripserit,
643 3742 789 3827 apprime
822 3743 855 3807 in
883 3741 943 3808 hos
971 3764 1123 3810 numeros
1154 3767 1222 3810 cou-

170 3971 196 4036 *)
215 3969 254 4026 De
272 3969 335 4026 aliis
353 3987 464 4040 quoqne
483 3969 631 4041 similibus,
660 3975 692 4024 ui
715 3971 798 4026 hodie
821 3987 864 4026 res
887 3973 942 4040 eat,
970 3971 1087 4042 singolis
1111 3975 1222 4029 tautum

92 4053 229 4112 latinitatis
246 4057 380 4130 exemplis
398 4061 515 4114 constat.
554 4057 614 4124 Quo
637 4075 766 4113 conamen
790 4057 911 4127 pertinet
929 4059 1133 4130 Lucretianam,
1157 4061 1221 4118 Ovi·

94 4143 168 4200 diana
185 4147 319 4218 faidum,
337 4165 513 4216 reuocatam,
531 4151 656 4204 sedamen
671 4147 802 4216 Senecae,
821 4165 952 4204 ornam
970 4149 1105 4206 Mareiani
1124 4149 1222 4223 Capel-

96 4231 138 4298 lae,
155 4235 315 4292 tamaianam
339 4237 659 4304 nnth01.1an1t¹‚aee
684 4241 764 4306 (1412
784 4237 898 4308 Meyer).
937 4238 1066 4295 Eiusdem
1086 4242 1220 4298 Antholo-

96 4319 353 4396 perempnis
373 4327 464 4382 Burro.
485 4331 547 4396 (230
562 4327 610 4396 Μ.)
634 4327 777 4380 venustius
797 4325 888 4382 dicam
908 4345 943 4382 an
963 4329 1095 4388 lasciuius
1109 4349 1220 4386 carmen

98 4407 250 4468 documento
267 4416 309 4470 est
325 4417 486 4470 ἁιῑεαιιιιιειι
504 4415 593 4472 iorma
610 4416 696 4471 semel
715 4419 764 4472 ant
778 4417 924 4487 antiquum
938 4421 1051 4489 poetam
1066 4435 1153 4488 usum,
1172 4421 1221 4472 aut

100 4495 149 4552 siue
166 4501 268 4572 autiqtd
286 4503 457 4562 auctoritate
476 4505 592 4562 utinen
611 4504 730 4562 veritam
750 4523 809 4562 esse
829 4507 978 4564 Muretum.
