3008 5118
375 367 580 416 anemonen
604 365 873 428 snurqussnns.
1132 349 1196 414 989

70 509 141 572 Item
164 509 343 575 Bellonae
367 511 525 594 templum
544 533 628 576 auno
643 507 792 576 GDLVII
812 509 852 574 ab
868 509 929 592 Ap.
944 506 1079 574 Claudio
1094 505 1196 573 Caeco

69 618 167 678 votum
193 637 266 680 cum
296 615 388 682 Livio
419 621 551 683 auctore
578 615 621 700 X,
644 617 682 682 19
716 619 843 680 constat
873 619 944 679 tum
967 613 1083 680 Ovidio
1110 613 1197 680 Fast

69 721 193 804 V1,201
216 745 285 807 sqq.
336 722 539 808 Quamquam
568 724 774 789 mirationem
803 745 881 788 sana
908 745 974 788 non
1004 723 1197 788 mediocrem

68 827 138 892 illud
160 835 281 913 movet,
305 829 391 914 quod
414 829 589 895 BELONA
614 853 652 896 ea
675 830 735 896 dea
758 830 845 895 dicta
867 835 917 896 est
940 829 974 894 in
993 834 1106 913 patera
1125 827 1197 892 Mil·

67 934 250 1021 lingeniana,
273 959 339 1002 non
357 937 577 1003 DVRLONA.
611 938 704 1015 Quod
727 943 839 1002 eontra
858 937 1087 1022 antiquitatem
1106 933 1196 1000 Keri

66 1041 193 1106 nominis
216 1047 346 1127 praeter
369 1042 544 1110 Saliarium
567 1045 747 1109 carminum
776 1044 975 1110 mentionem
1002 1044 1074 1127 ipsa
1098 1044 1196 1128 serip-

67 1151 128 1211 ture
149 1148 257 1216 firmat
279 1151 309 1216 Κ
333 1151 462 1218 litterae
491 1175 551 1218 usu
579 1151 732 1238 insignis:
765 1152 913 1236 idemque
941 1150 1022 1215 illud
1052 1151 1085 1216 in
1109 1149 1196 1216 Sac-

66 1261 205 1321 tnrnum
238 1258 338 1343 eadit,
374 1259 425 1324 oui
454 1259 513 1325 deo
541 1259 681 1324 dicatam
711 1259 779 1324 eive
807 1257 848 1322 ab
877 1255 1029 1322 Euandro
1060 1257 1127 1322 sive
1157 1257 1198 1322 ab

66 1361 190 1428 Hercule
214 1363 256 1428 nd
280 1365 399 1430 olivum
414 1363 636 1451 Capitolinum
660 1387 764 1450 aram,
788 1365 839 1428 vel
862 1361 974 1428 aedem
997 1365 1065 1428 sive
1084 1387 1104 1430 a
1121 1363 1198 1430 Tito

65 1469 148 1534 Tatio
171 1473 239 1536 sive
264 1495 285 1536 a
302 1471 397 1538 'Ibllo
416 1471 558 1538 Hostilio
582 1475 651 1538 sive
676 1495 695 1537 a
714 1471 891 1558 Tarquinio
912 1469 1057 1556 Superbo
1076 1471 1196 1538 factam

64 1576 128 1658 quid
149 1582 198 1642 est
217 1578 304 1664 quod
322 1600 499 1664 persequar
518 1580 703 1666 copiosius?
730 1578 793 1643 Vel
813 1601 886 1644 eum
900 1577 1031 1644 Romuli
1046 1576 1199 1662 Tatiiqne

63 1683 181 1747 nominc
208 1685 416 1750 coniunctam
438 1683 601 1751 Volcani
629 1685 835 1768 memoriam,
868 1706 965 1768 quam
990 1683 1199 1750 Volcanale

63 1792 189 1854 testatur
213 1795 247 1856 et
269 1791 496 1858 Volcanalis
521 1793 633 1858 area?
671 1791 741 1868 Quo
765 1792 908 1878 pertinet
930 1791 1015 1875 quod
1039 1795 1072 1856 et
1092 1789 1200 1856 Satur-

63 1917 127 1960 num
151 1902 184 1962 et
202 1895 385 1964 Volcanum
409 1899 444 1964 in
467 1900 514 1964 eie
539 1899 606 1964 deis
621 1897 726 1964 Varro
750 1899 789 1964 de
813 1899 833 1964 l.
853 1901 908 1963 lat
926 1897 965 1984 V,
981 1899 1023 1962 14
1041 1903 1201 1982 numerat,

63 2003 165 2084 quibus
190 2003 280 2069 ‘arae
304 2003 381 2070 Tati
406 2005 492 2090 regis
515 2010 592 2072 voto
617 2011 694 2072 sunt
717 2007 840 2072 Romae
865 2003 1058 2070 dedicataa’.

139 2161 266 2228 Horum
297 2163 400 2249 igitur
430 2165 562 2231 deorum
592 2166 678 2252 quod
710 2167 828 2252 pocula
859 2167 917 2232 illa
944 2187 1015 2230 ease
1043 2165 1201 2248 dicuntur,

62 2267 87 2331 id
110 2269 172 2334 vim
195 2270 318 2336 babere
339 2271 500 2356 duplicem
519 2277 640 2358 potest.
672 2272 739 2338 Aut
758 2274 843 2337 enim
863 2295 879 2336 c
899 2271 1077 2338 domestica
1096 2272 1200 2356 su'pel·

62 2374 159 2441 leetile
180 2377 314 2462 privata
337 2377 435 2463 fuere,
465 2379 539 2444 usui
562 2381 671 2444 tamen
696 2378 805 2444 divino
829 2378 1001 2462 destinata,
1026 2377 1200 2464 atquibus

62 2479 224 2549 libationes
254 2483 370 2549 fierent
399 2485 496 2551 certis
524 2485 592 2551 deis
622 2491 710 2551 certo
739 2485 804 2551 ritu
832 2485 948 2570 gentili
972 2484 1112 2550 dicatae:
1145 2489 1202 2550 aut

62 2607 163 2672 reapse
191 2589 315 2656 donata
343 2597 376 2657 et
404 2596 594 2658 consecrata
621 2598 697 2657 sunt
723 2593 770 2658 eis
798 2609 933 2678 quorum
964 2593 1098 2657 nomina
1123 2611 1201 2674 prae

63 2713 91 2756 ec
115 2694 221 2762 ferunt
253 2697 334 2782 deis,
367 2697 422 2762 sed
450 2701 560 2765 tamen
586 2699 725 2764 fortasse
753 2721 794 2763 ne
823 2699 868 2764 sie
898 2699 1027 2784 quidem
1056 2697 1202 2764 seiuncta

63 2799 219 2868 libationis
245 2804 453 2890 cogitatione,
477 2805 596 2890 quippe
616 2827 680 2890 quo
699 2806 807 2890 ipsum
830 2807 1059 2890 poculorum
1082 2827 1200 2870 nomen

64 2915 199 2990 spectare
222 2911 381 2976 videatur.
419 2911 463 2977 Et
486 2913 521 2976 in
544 2911 628 2978 banc
652 2911 779 2997 quidem
803 2917 929 2996 partem
952 2914 1083 2978 illorum
1107 2935 1200 2978 usum

64 2999 259 3083 vasculort'm
283 3018 498 3102 probabiliter
525 3031 576 3084 me
605 3019 706 3084 iudice
736 3019 802 3085 iam
826 3017 863 3084 Ο.
883 3018 1016 3085 lahnius
1044 3020 1200 3102 interpre·
1215 3041 1241 3080 aa

64 3123 141 3187 tatus
168 3131 219 3190 est
249 3123 424 3190 Annalium
452 3125 553 3210 antiq.
584 3125 715 3191 stadios.
739 3125 841 3192 Rhen.
870 3125 947 3192 fase.
970 3125 1049 3190 XIII
1077 3149 1107 3210 p.
1128 3125 1201 3191 115.

64 3223 164 3312 Neque
197 3231 286 3296 enim
314 3231 456 3318 genetivi
486 3231 552 3296 alia
584 3233 667 3298 ratio
695 3237 746 3297 est
775 3233 807 3297 in
836 3231 902 3296 illis
932 3230 1201 3316 inscriptionibus

65 3352 136 3414 quac
158 3343 235 3404 sunt
255 3335 345 3403 Aac
360 3371 367 3386 ·
382 3335 796 3423 TRANQVILLITATIS,
821 3337 911 3402 Ana
927 3373 933 3386 ·
947 3335 1147 3402 NEPTVNI
1169 3343 1202 3402 et

65 3439 145 3505 IRA
155 3478 161 3491 ·
173 3441 421 3510 VENTORVM
440 3444 526 3529 apud
540 3443 696 3510 Murator.
716 3469 745 3530 p.
763 3447 836 3530 148,
850 3445 879 3511 5.
894 3447 924 3510 4.
947 3443 1045 3510 Orell.
1059 3467 1089 3509 n.
1108 3445 1201 3508 1339.

68 3547 154 3614 1340:
176 3551 228 3616 vel
254 3551 333 3618 adeo
357 3549 559 3618 PIETATIS
575 3587 581 3600 ·
598 3551 775 3618 SAORVM
805 3553 838 3618 in
868 3553 986 3618 Annal.
1010 3550 1089 3615 lost.
1114 3551 1201 3615 arch.

65 3654 84 3714 t
100 3651 210 3720 XVIII
229 3679 258 3740 p.
274 3657 348 3742 244,
371 3657 457 3744 apud
471 3657 568 3725 Orell.
587 3660 730 3724 n.1824.
754 3659 824 3736 Quo
842 3659 996 3724 referrem
1015 3658 1113 3722 etiam
1133 3679 1202 3741 per-

66 3815 220 3880 vetustum
242 3817 377 3882 titulum
395 3817 577 3885 Romanum
599 3818 696 3884 hodie
719 3841 785 3885 non
809 3819 1017 3904 superstitem
1036 3765 1201 3882 Divae·

66 3913 510 3990 CORNISOASMORVM
550 3925 635 4010 apud
667 3925 841 3991 Gruterum
873 3947 904 4008 p.
928 3926 983 4007 88,
1010 3925 1050 3988 14
1087 3921 1201 4008 (Orell.
1262 3973 1268 3982 .

67 4045 92 4087 11.
107 4027 188 4093 1850
212 4027 260 4110 [O.
279 4029 304 4095 I.
323 4029 358 4096 1.
381 4029 396 4094 1
419 4053 450 4096 a.
470 4031 548 4116 8143
573 4029 662 4114 vl,1
688 4051 718 4095 n.
737 4029 821 4116 96]),
844 4031 871 4094 si
891 4028 1050 4114 singulari
1067 4053 1202 4096 numero

68 4125 279 4202 Gorniscam
316 4157 387 4202 esee
423 4137 543 4202 dietam
581 4135 661 4201 mihi
694 4139 872 4220 constaret3
914 4159 1012 4219 nunc,
1049 4137 1200 4220 quoniam

69 4231 337 4308 ‘Cornisearnm
361 4243 534 4310 divarum
562 4243 671 4308 locum
695 4264 765 4308 esse
788 4247 879 4308 trans
903 4243 1046 4307 Tiberim
1070 4243 1202 4308 cornici·

69 4339 123 4408 bus
144 4347 298 4435 dicatum,
329 4350 414 4436 quod
437 4351 470 4416 in
494 4348 627 4416 Iunonis
651 4346 758 4414 tutela
785 4369 855 4412 esse
885 4348 1096 4432 putabantur’
1119 4349 1201 4415 Pan-

71 4446 114 4512 lus
135 4451 293 4522 Diaconus
317 4455 455 4536 eFesto
478 4456 612 4522 tradidit
635 4479 664 4542 p.
684 4455 736 4536 64,
756 4455 774 4518 'l
794 4454 852 4538 M.,
881 4456 989 4520 nescio
1019 4478 1060 4522 aa
1084 4457 1202 4522 rectius

118 4573 156 4611 ra
169 4575 315 4615 muman
331 4579 464 4617 ornacum
478 4579 515 4618 ιν.
957 4565 988 4614 19
