3020 5118
412 377 669 425 counesreuro
693 376 808 424 esron.
1113 358 1172 421 191

58 519 326 584 restaurandam
363 519 471 604 ibique
504 519 724 586 collocandam
760 519 887 584 curavit
922 517 977 582 ubi
1014 517 1176 604 praesenti

56 632 175 710 tenpore
202 625 409 709 conspicitur,
437 625 478 690 ad
505 625 670 691 exordium
699 625 767 690 sive
796 624 909 708 pedem
938 623 1094 708 graduum
1121 647 1175 708 pa·

55 735 107 798 latii
128 732 340 800 Dominorum
363 731 635 799 Conservatorum
663 733 697 798 in
721 731 884 816 Capitolio
908 730 1065 816 Romano,
1094 737 1176 797 tem-

54 863 130 925 quam
156 863 225 906 rem
252 840 429 924 pretiosam
458 842 506 906 uti
534 863 646 907 revera
676 837 747 906 est'
793 839 882 916 Quae
909 839 1007 904 verba
1036 840 1063 904 si
1091 843 1177 904 recte

54 949 236 1032 interpretor,
259 949 333 1032 ipsa
356 947 484 1034 quidem
507 949 620 1014 tabula
644 949 707 1014 ianr
732 947 961 1012 reconcinnata
988 946 1047 1012 illa
1069 951 1177 1012 aetate

52 1061 117 1138 erat,
138 1057 193 1120 sed
216 1055 330 1122 eadem
352 1055 497 1121 nondum
515 1055 686 1121 coniuncta
704 1077 777 1120 cuns
797 1075 906 1118 recens
925 1053 1013 1118 iacta
1031 1054 1177 1118 columna

51 1163 105 1246 illa,
133 1185 271 1247 quacum
300 1162 481 1248 composite
508 1167 560 1228 est
585 1162 690 1228 hodie.
736 1162 937 1247 Quamquam
966 1161 999 1226 in
1023 1165 1176 1246 promptu

50 1274 89 1332 est
111 1291 165 1334 cur
191 1292 265 1334 cum
294 1267 489 1334 confidentia
515 1269 651 1334 iudicari
678 1273 823 1354 nequeat.
854 1305 891 1316 -
923 1265 1073 1332 Ceterum
1097 1265 1177 1332 Goa-

50 1376 126 1440 ziana
148 1377 372 1462 supplementa
399 1377 597 1452 transierunt
623 1377 658 1441 in
688 1375 901 1441 Alexandri
929 1373 1071 1440 Donati
1099 1373 1176 1438 ‘Ro-

50 1503 106 1546 nse
128 1485 245 1550 veteris
269 1507 306 1550 ac
330 1483 480 1550 recentis’
505 1483 662 1550 editiones
681 1484 848 1570 plurimas,
872 1483 969 1548 etiam
988 1505 1059 1548 eam
1079 1505 1176 1568 quarn
1193 1507 1215 1544 ιι

49 1589 73 1651 in
85 1589 235 1656 Thesauri
255 1591 355 1676 antiq.
374 1596 397 1656 t.
416 1591 466 1656 ΙΙΙ
485 1593 614 1676 paravit
628 1591 796 1674 Graevius,
819 1613 849 1676 p.
864 1591 941 1656 587:
965 1589 1177 1656 falsissimum

48 1701 87 1760 est
106 1697 188 1762 enirn
212 1697 298 1783 quod
322 1698 369 1764 ibi
392 1699 615 1781 praemittitur
642 1697 825 1783 ‘Inscriptio
854 1699 888 1762 in
915 1697 986 1763 basi
1010 1697 1177 1762 columnae

47 1807 191 1869 rostratae
215 1827 235 1868 a
257 1803 371 1870 Petro
396 1803 581 1870 Oiaconio
606 1803 774 1890 suppleta'

119 1911 241 1976 Eodem
279 1933 364 1976 anno
397 1929 606 1978 ororocxxxv
645 1909 730 1996 quod
764 1910 898 1976 eandem
935 1911 1177 1996 inscriptionem

47 2016 190 2082 ‘Rvaevn
214 2017 373 2084 celebrem
395 2017 513 2084 Italum
537 2017 733 2084 exhibuisse'
752 2017 912 2083 Funccius
935 2017 956 2082 l.
975 2041 999 2082 s.
1019 2039 1044 2086 s.
1066 2040 1097 2102 p.
1113 2019 1175 2083 117

46 2124 142 2208 tradit,
165 2123 274 2189 nescio
297 2125 445 2210 equidem
470 2148 534 2212 quo
558 2129 590 2190 ct
613 2126 702 2210 quali
728 2125 761 2190 id
784 2126 868 2191 libro
891 2125 1013 2190 sactum
1037 2125 1095 2190 eit:
1118 2147 1177 2191 nec

47 2231 149 2314 uagis,
180 2253 276 2316 quern
300 2253 316 2295 e
339 2232 437 2296 claris
468 2255 506 2298 eo
531 2234 661 2298 nomine
684 2233 776 2298 Italis
805 2233 904 2316 dicat,
936 2233 1081 2298 conicere
1103 2254 1177 2318 pos·

46 2358 113 2402 sum.
156 2334 219 2402 Sed
244 2337 327 2402 alius
350 2343 455 2404 restet
478 2340 532 2424 qui
560 2339 619 2404 illo
643 2340 771 2406 saeculo
799 2340 881 2405 berre
911 2339 950 2404 de
978 2339 1039 2406 hoc
1068 2361 1178 2406 mouu-

14 2487 18 2514 .
46 2447 141 2508 mento
158 2445 474 2527 merueritficras
497 2445 790 2514 Bonaneenvs:
814 2448 903 2512 euius
923 2471 1020 2513 manu
1040 2447 1177 2532 scriptas

45 2548 338 2623 ‘animadversiones
362 2551 402 2616 ad
421 2551 560 2618 Nardini
583 2553 621 2618 de
641 2553 746 2619 Roma
769 2559 877 2620 vetere
901 2553 1178 2636 commentarium,

45 2657 76 2718 ul
98 2679 189 2741 quens
214 2658 324 2742 eregit
350 2659 460 2722 omnia
479 2658 578 2724 Vrbis
602 2659 674 2725 loca
697 2681 770 2725 cum
793 2661 884 2726 illam
908 2659 1120 2742 perlustraret
1143 2659 1175 2725 in

44 2762 147 2829 itinere
173 2765 290 2830 Italico
324 2769 357 2828 et
388 2786 544 2850 perquam
577 2765 750 2851 diligenter
782 2767 891 2830 omnia
917 2765 1110 2850 rimaretur',
1143 2767 1177 2830 in

46 2871 231 2950 praefatione
253 2871 335 2936 tomi
359 2869 405 2935 IV
430 2871 590 2938 Thesauri
613 2873 712 2957 antiq.
737 2871 926 2938 Graevius
950 2873 1067 2957 posuit
1111 2871 1176 2936 Vbi

46 2979 151 3061 pagina
183 3003 202 3044 a
233 2981 296 3044 fine
327 2985 444 3063 quarta
475 2981 555 3046 haec
587 2981 842 3065 praemittuntur
870 2977 1035 3044 Boberelli
1064 2980 1176 3044 verba:

46 3081 119 3148 ‘Vidi
147 3087 216 3170 ipsc
245 3107 372 3172 quoque
400 3109 498 3152 unam
521 3085 560 3150 de
587 3087 639 3152 bis
668 3085 827 3152 columnis
856 3086 1042 3150 insertam
1071 3107 1176 3151 muro

47 3187 149 3256 Palatii
163 3189 437 3258 Conservatorum
456 3194 489 3258 in
507 3191 670 3278 Capitolio
689 3192 730 3260 cd
749 3193 846 3257 imam
866 3193 987 3256 scalam
1007 3216 1026 3256 a
1044 3193 1177 3258 sinistra

47 3293 235 3384 inintroitu‚
259 3321 332 3364 cum
355 3299 566 3383 inscriptione
589 3301 622 3364 in
642 3301 710 3366 cius
729 3298 815 3382 basi,
839 3298 894 3362 sed
915 3299 1007 3364 valde
1027 3300 1175 3365 mutilam

48 3405 73 3464 et
91 3403 318 3488 imperfectam.
363 3405 425 3471 Est
449 3406 508 3472 illa
531 3407 681 3472 columna
704 3407 872 3490 Duiliana,
903 3429 967 3491 qua
989 3405 1028 3470 de
1051 3429 1176 3471 mecum

47 3509 102 3590 egit
123 3510 336 3597 Tanaquillus
364 3513 469 3578 Faber
497 3513 531 3578 in
560 3515 699 3598 epistola
722 3515 765 3578 32
798 3512 929 3578 librili
958 3515 1177 3598 epistolarum,

49 3614 94 3678 ubi
122 3622 153 3682 et
179 3619 261 3685 mibi
293 3621 496 3686 commendat
528 3621 626 3686 aliam
660 3623 917 3707 inscriptionem,
950 3643 1031 3706 quae
1064 3619 1174 3686 eodem

49 3718 102 3785 lere
122 3729 266 3810 tempore
288 3727 351 3792 fuit
374 3727 529 3794 dedicata.
563 3727 749 3795 Gassendus
769 3729 913 3815 loquitur
932 3727 971 3792 de
990 3731 1124 3810 utraque
1143 3727 1177 3790 in

50 3827 103 3892 rite
123 3831 276 3898 Peirescii
300 3833 338 3898 ad
363 3856 482 3899 annum
512 3852 568 3902 oro
594 3836 719 3903 norva'
765 3837 912 3921 Adposui
935 3835 1014 3900 haec
1038 3839 1089 3916 ut,
1113 3854 1175 3918 quo

50 3933 101 4000 fere
121 3943 266 4024 tempore
288 3939 412 4004 Romae
430 3939 620 4005 Boberellus
645 3943 897 4026 peregrinasset,
920 3939 1176 4023 intellegeretur:

51 4061 110 4107 nan
123 4045 217 4112 Fabri
241 4047 300 4113 illa
322 4047 464 4131 epistula
488 4047 574 4113 inter
597 4071 650 4114 eas
675 4049 843 4114 conlocata
862 4053 912 4112 est
931 4046 1020 4133 (edit.
1039 4043 1176 4110 Salmur.

52 4167 311 4220 aeroroonxxrv
343 4158 366 4220 t.
395 4153 426 4216 ll
458 4175 489 4237 p.
513 4156 557 4220 82
577 4155 660 4242 sqq.)
693 4179 775 4242 quae
807 4159 882 4220 sunt
915 4177 941 4218 a.
971 4169 1173 4218 orarocaxru

53 4257 179 4340 scriptae.
224 4261 314 4352 Ergo
339 4264 408 4324 tum
432 4261 548 4325 saltem
579 4261 643 4326 iarn
668 4262 839 4326 coniuncta
866 4261 929 4326 fuit
956 4281 1028 4326 cum
1056 4261 1176 4324 recenti

53 4361 180 4430 colomna
201 4372 294 4432 vetus
317 4367 431 4432 tabula
452 4367 599 4433 litterata
621 4391 660 4433 eo
684 4391 746 4452 quo
772 4369 866 4434 hodic
890 4370 997 4434 exstat
1020 4367 1177 4450 exemplo,

53 4464 74 4524 ti
101 4472 187 4537 modo
214 4471 325 4538 Gomii
354 4477 461 4538 aetate
494 4473 524 4538 id
557 4475 700 4540 nondum
733 4497 803 4540 esse
831 4475 953 4540 facturn
987 4473 1175 4538 credideris:
