2972 5120
407 388 690 436 svrrnnnnsrvn
715 391 747 436 v.
784 413 792 428 ·
1090 371 1154 436 559

30 533 73 592 sat
95 531 187 612 plene
215 529 381 614 explicari,
413 531 529 596 barum
556 535 664 596 autem
688 533 958 596 conficiendarum
987 533 1021 596 in
1045 554 1155 598 eorum

29 657 98 718 quae
123 658 206 702 nunc
236 642 313 702 sunt
341 641 526 722 temporum
560 639 720 724 angustiis
752 659 811 702 nee
843 637 938 702 venie
970 637 1064 702 nobis
1096 661 1156 704 neo

28 743 109 826 eopia
134 749 196 828 est,
228 743 264 808 in
291 743 362 808 sola
388 765 475 809 nunc
504 767 542 808 ea
569 749 661 828 parte
691 745 892 810 versabimur
914 766 996 829 quae
1020 744 1060 808 ad
1083 767 1156 810 con·

27 849 247 915 inertissimam
269 872 342 916 cnm
366 847 584 918 architectura
605 853 835 937 epigrspbiecn
855 855 990 935 spectat
1026 847 1076 914 Ex
1094 850 1156 916 hac

27 955 98 1018 enim
121 961 278 1041 quantum
302 979 398 1042 saepe
421 959 502 1024 lucis
526 960 560 1024 in
584 958 754 1026 historiam
778 961 859 1024 artis
882 957 1055 1042 redundet,
1082 979 1155 1022 cum

26 1062 87 1126 aliis
117 1063 318 1128 documentis
350 1064 476 1148 pridem
506 1065 707 1130 intellectum
740 1067 791 1129 est
822 1068 892 1130 tum
924 1063 1019 1129 buius
1051 1064 1154 1148 ipsius

26 1171 210 1236 monumenti
239 1171 418 1258 insigniore
447 1172 596 1256 exemplo
623 1177 770 1257 apparet.
815 1171 942 1254 Quippe
970 1171 1017 1234 sio
1044 1171 1155 1236 existi-

25 1279 133 1340 matum
166 1280 217 1342 est
251 1279 292 1342 ab
324 1278 534 1364 elegantioris
570 1279 679 1344 iudicii
711 1277 898 1343 hominibus
930 1277 1154 1364 Francogallis

24 1381 180 1470 plerisrme:
213 1387 285 1450 tam
313 1385 488 1450 manifesta
515 1385 717 1451 mausoleum
741 1385 902 1450 Glanense
930 1383 1049 1450 indicia
1076 1407 1154 1470 prae

24 1511 51 1551 se
74 1491 156 1556 ferre
182 1495 242 1556 aut
268 1491 412 1558 labantis
440 1493 520 1558 artis
549 1496 607 1558 aut
635 1513 736 1576 prope
759 1490 825 1556 iam
850 1491 972 1576 lapsae,
1004 1495 1042 1556 ut
1073 1494 1155 1558 anti·

24 1597 131 1678 quioris
155 1599 276 1664 aetatis
300 1599 456 1685 cogitatio
481 1599 587 1666 omnis
610 1597 723 1684 procul
746 1597 896 1662 habenda
919 1599 969 1662 sit.
998 1597 1098 1662 Velut
1120 1599 1155 1662 in
1217 1676 1221 1696 s

23 1701 94 1767 bunc
116 1705 247 1771 modum
272 1705 416 1772 Millinus
439 1705 719 1772 commentabatur
741 1727 771 1788 p.
789 1705 856 1768 400
875 1725 934 1788 sq.:
962 1703 1098 1789 ‘Malgre'
1122 1705 1154 1769 la

23 1807 123 1874 beaute
145 1813 184 1877 de
208 1813 396 1878 l’ensemble
424 1815 466 1878 dn
489 1813 651 1878 mausoleo
681 1815 715 1877 et
738 1812 770 1875 la
791 1810 980 1875 delicatesse
1003 1809 1043 1875 de
1065 1811 1153 1897 quel·

23 1937 88 1998 ques
109 1941 296 2002 ornemens,
327 1920 350 1984 il
374 1919 453 1986 offra
477 1919 534 1985 des
557 1919 698 2004 detauts3
730 1919 777 1983 les
800 1917 953 1983 colonnes
976 1919 1154 2001 cannele'es,

22 2043 85 2088 avec
106 2025 160 2090 des
183 2025 378 2110 chapiteaux
402 2027 600 2092 corinthiens
628 2030 662 2091 et
684 2026 740 2090 des
763 2024 858 2089 bases
882 2025 1037 2110 attiques,
1063 2027 1154 2091 n’ont

22 2151 70 2211 pas
91 2131 127 2196 de
145 2133 253 2216 justes
277 2134 501 2218 proportions3
523 2133 556 2199 la
580 2133 729 2198 corniebe
753 2137 785 2196 et
809 2133 841 2196 la
863 2131 942 2197 frisa
961 2136 1093 2217 portent
1112 2131 1153 2198 du

23 2237 117 2302 milieu
139 2239 195 2303 des
219 2241 387 2325 colunnas,
415 2242 532 2326 quine
556 2241 603 2304 les
627 2243 820 2325 supportent
846 2262 906 2323 pas
930 2240 1153 2324 entibrement3
1185 2248 1190 2264 ⁸

22 2341 76 2424 ily
94 2365 112 2407 a
129 2345 183 2410 des
208 2346 333 2428 parties
352 2347 554 2414 d’ornement
572 2348 827 2431 tres-grossibres
845 2350 878 2411 et
891 2347 1153 2432 tris-neglige'es:

23 2449 92 2514 enfin
113 2451 136 2515 il
160 2457 212 2518 est
236 2453 305 2516 eisd
328 2453 367 2516 de
390 2453 461 2518 roir
484 2477 545 2540 que
569 2456 620 2518 cel
638 2443 751 2518 edilice
774 2451 827 2518 n'a
845 2474 904 2537 pas
923 2455 975 2516 ele
994 2452 1055 2516 leit
1073 2453 1153 2517 dans

23 2551 46 2614 le
66 2555 123 2620 bon
146 2559 255 2642 temps
279 2558 317 2622 de
341 2557 427 2640 l'art3
455 2560 478 2622 il
507 2563 557 2624 est
580 2563 744 2625 sdrement
766 2558 844 2624 d'un
872 2565 996 2644 temps
1025 2561 1153 2642 poste·

22 2659 110 2726 rieur
132 2667 151 2727 b
174 2665 279 2730 celui
304 2665 369 2728 des
393 2666 609 2731 Antonins.'
646 2667 722 2730 Alia
745 2689 826 2751 quae
849 2671 943 2750 putat
966 2666 1047 2730 vitia
1070 2666 1153 2730 vitu·

23 2787 121 2848 perans
143 2769 328 2836 Labordius
351 2795 381 2856 p.
400 2773 443 2836 83
463 2795 510 2857 sq.
541 2773 602 2836 elsi
627 2777 769 2837 aetatem
792 2773 910 2836 certius
933 2772 1065 2836 definire
1087 2795 1153 2836 non

22 2878 62 2936 est
78 2899 180 2962 ausus,
204 2883 318 2944 tamen
336 2878 375 2942 de
389 2883 535 2963 tempore
556 2901 622 2944 non
637 2880 774 2944 multum
790 2883 913 2943 remoto
927 2877 1015 2962 (‘une
1029 2879 1153 2962 epoque

23 2997 72 3058 peu
93 2983 245 3070 reculee')
274 2986 352 3049 item
382 2985 533 3070 loquitur.
579 2985 690 3070 Longe
718 2989 752 3048 et
779 2984 990 3049 confidentius
1019 2989 1052 3049 et
1079 3007 1152 3049 con·

23 3089 160 3170 temptius
183 3093 236 3156 rir
260 3092 504 3158 sollertissimus
524 3093 645 3158 iudicat
660 3091 801 3176 Prosper
815 3091 970 3156 Merimee
988 3092 1023 3157 in
1038 3091 1153 3158 ‘Notes

23 3187 82 3256 d'un
105 3216 228 3282 voyage
253 3198 333 3262 dans
361 3199 391 3262 le
415 3199 493 3263 midi
517 3199 555 3263 de
579 3197 612 3262 la
635 3197 779 3282 Franoc',
809 3200 863 3283 qui
887 3199 970 3263 liber
994 3197 1153 3264 Bruxellis

22 3299 125 3376 prodiit
151 3327 179 3368 a
201 3303 297 3370 1835.
349 3303 382 3368 Is
406 3305 491 3370 enim
520 3305 706 3390 praemissis
737 3329 767 3390 p.
787 3305 853 3370 300
881 3303 931 3368 bis
956 3304 1075 3370 verbis:
1108 3304 1153 3370 ‘le

23 3405 158 3472 tombeau
181 3411 246 3474 m'a
269 3432 350 3494 paru
374 3412 531 3496 mesquin,
555 3413 687 3496 binarre,
710 3415 744 3476 et
762 3411 835 3476 d’uu
859 3415 939 3496 gout
961 3413 1155 3497 de‘testable3

22 3507 39 3569 il
60 3515 103 3576 est
124 3515 318 3600 impossible
341 3516 380 3581 de
403 3539 445 3582 ne
468 3539 527 3601 pas
552 3519 654 3582 croire
677 3540 716 3582 en
739 3518 770 3582 le
793 3521 917 3603 voyant
939 3519 1016 3603 qu'il
1041 3541 1155 3603 appar·
1171 3539 1190 3578 v

23 3615 92 3682 tient
121 3625 139 3684 1
169 3643 235 3686 une
266 3625 390 3708 epoque
422 3623 461 3687 de
493 3622 690 3708 decadenee',
727 3623 901 3709 prolixiore
933 3625 1153 3708 disputatione

24 3727 207 3792 mausoleum
237 3727 401 3794 Glanense
433 3751 504 3794 cum
540 3752 615 3796 arcu
646 3729 834 3814 triumphali
862 3735 1030 3813 comparat
1057 3752 1152 3814 quem

23 3832 153 3907 proximo
176 3835 270 3900 iuxta
291 3837 494 3902 mausoleum
516 3837 689 3904 intervallo
709 3841 906 3902 exstructum
926 3837 1071 3920 plerique
1089 3858 1154 3900 una

24 3940 165 4007 camillo
194 3947 228 4008 et
255 3946 440 4010 tractarunt
466 3949 500 4008 et
527 3949 821 4028 repraesentarunt
872 3943 973 4020 Quem
1006 3965 1077 4007 eum
1111 3945 1152 4008 ab

25 4045 91 4108 artis
113 4048 277 4134 elegantia
298 4049 396 4134 longe
427 4050 586 4136 longeque
611 4054 777 4118 mausoleo
800 4051 963 4136 praeferat
985 4071 1057 4115 cum
1081 4049 1153 4114 Mil-

24 4143 89 4234 lno,
109 4151 279 4240 Labordio,
302 4157 430 4240 ceteris,
464 4161 573 4222 tamen
600 4159 752 4242 quoniam
779 4180 820 4223 ne
848 4159 932 4222 hunc
956 4157 1086 4241 quidem
1109 4157 1152 4223 M.

26 4250 133 4322 Aurelii
151 4261 288 4346 imperio
308 4263 524 4348 antiquiorem
544 4266 721 4330 arbitratur
739 4289 769 4349 p.
784 4266 859 4349 306,
882 4286 1080 4348 consequens
1104 4269 1154 4330 est

26 4362 56 4420 ul
75 4369 266 4434 mausoleum
290 4367 461 4435 Commodi
491 4371 540 4436 vel
566 4371 715 4456 Septimii
740 4369 850 4436 Severi
874 4371 1075 4454 temporibus
1098 4373 1154 4437 tri·

27 4460 104 4550 buat,
125 4493 255 4554 prorsus
278 4482 413 4541 utente
436 4478 542 4543 risum
566 4483 636 4542 erat
659 4477 794 4542 Millino.
