2972 5120
428 411 711 459 sveennuannvu
735 412 768 457 v.
1105 395 1169 459 567

47 561 178 620 constare
199 556 237 620 de
260 577 375 621 novem
398 555 584 620 nominibus
608 554 741 618 deorum
770 558 922 638 putamus
945 574 1018 618 cum
1043 551 1171 636 ‘proculo

45 662 115 726 norre'
140 661 294 747 religione
321 662 406 728 circa
433 665 582 746 ternpore
605 659 717 724 Punici
745 659 823 724 belli
851 660 946 743 primi
973 659 1170 726 coniunctis:

45 792 113 852 quae
140 772 213 834 snut
241 767 477 856 Aequitatis*),
511 767 711 851 Aesculapii,
746 765 916 848 Bellonae,
943 763 1031 848 Ceri,
1059 765 1171 850 Curae,

43 876 199 960 Lavernae,
225 875 361 959 Salutis,
385 875 530 956 Saturni,
553 873 699 938 Vulcani.
731 871 816 936 Nam
835 895 875 936 ne
894 871 933 935 de
947 872 1085 938 Bellona
1103 873 1169 958 qui-

43 983 104 1046 dem
126 982 292 1048 dubitandi
316 987 368 1046 sat
390 1003 522 1067 gravem
546 1001 693 1044 caussam
717 977 820 1044 video.
865 977 981 1043 Miram
1006 1001 1075 1044 esse
1099 979 1169 1043 ΒΕ-

43 1087 152 1156 total
175 1090 313 1156 sormam
337 1087 422 1152 haud
446 1087 576 1152 infitior.
614 1087 718 1162 Quam
741 1107 807 1150 non
830 1107 926 1169 posse
949 1085 1076 1150 bellotae
1098 1087 1169 1152 loco

42 1195 153 1278 haberi,
175 1193 344 1258 verissime
362 1193 585 1258 Mommsenus
608 1191 796 1276 disputavit
828 1189 897 1257 Nee
915 1193 1020 1276 magis
1040 1193 1168 1260 audieu-

40 1301 100 1384 dus,
130 1325 222 1386 quem
257 1301 331 1366 novi
347 1363 353 1386 ,
368 1301 406 1365 de
439 1299 566 1364 Bellula
598 1298 755 1383 cogitare,
788 1321 885 1384 quara
917 1298 982 1364 dici
1010 1297 1168 1365 Venerem

39 1407 137 1472 voluit.
168 1407 267 1473 Mitto
280 1407 413 1492 reliqua,
428 1428 510 1492 quae
528 1407 588 1470 tali
603 1405 865 1490 interpretationi
881 1405 1025 1490 obstant,
1043 1407 1167 1492 omnia3

40 1536 123 1578 unum
145 1514 226 1578 illud
251 1513 367 1597 respici
386 1513 491 1592 iubeo,
514 1513 555 1578 ab
575 1513 725 1578 omnibus
745 1513 829 1596 quod
852 1513 950 1578 seiam
970 1513 1168 1598 neglectum:

37 1619 124 1704 ipsius
146 1621 224 1687 deae
249 1621 438 1704 imaginem,
460 1622 498 1684 ut
521 1641 538 1683 e
561 1619 674 1684 tabula
697 1623 810 1685 nostra
832 1617 866 1684 P.
891 1618 925 1682 L.
949 1619 991 1686 Μ.
1014 1619 1052 1686 Ε.
1076 1619 1168 1686 xlc

36 1727 208 1808 planissime
231 1731 383 1810 apparet,
414 1727 606 1812 anguibus
635 1726 819 1791 crinitum
847 1730 963 1810 eaput
990 1727 1168 1807 ostendere,

36 1833 106 1916 quod
129 1855 227 1918 qnam
252 1836 302 1898 est
325 1857 344 1898 a
365 1833 503 1898 Veneris
531 1835 732 1918 cogitatione
761 1833 916 1918 alienum,
947 1837 1015 1898 tam
1038 1833 1072 1897 in
1095 1833 1167 1898 Bel-

33 1941 114 2005 lonae
140 1941 285 2006 indolem
317 1941 463 2026 apprime
491 1939 651 2006 convenit.
698 1939 790 2016 Quod
818 1961 891 2004 oum
920 1941 969 2006 ita
996 1939 1054 2022 sit,
1084 1939 1166 2004 illud

34 2047 195 2113 curandum
224 2049 301 2131 erit,
331 2051 369 2112 ut
394 2069 460 2113 non
487 2045 670 2112 necessario
698 2045 872 2111 abhorrere
901 2046 943 2112 ab
972 2045 1167 2130 antiquitate

33 2153 149 2238 liuguae
171 2155 275 2220 talem
298 2155 309 2218 t
331 2158 364 2218 et
385 2175 408 2218 a
431 2153 628 2238 liquidarum
651 2153 924 2236 permutationem
946 2153 1167 2238 intellegatur:

33 2281 102 2342 quae
121 2262 270 2346 quamvis
289 2260 447 2346 singulari
468 2259 615 2344 exemplo
634 2259 847 2343 contineatur,
870 2263 980 2324 tamen
995 2259 1079 2324 haud
1099 2259 1166 2325 scio

33 2389 66 2429 an
96 2367 234 2434 aliarum
268 2368 473 2432 affectionum
507 2388 573 2432 uon
605 2365 712 2430 minus
747 2365 961 2450 singularium
994 2387 1167 2451 earumque

33 2473 99 2538 item
125 2475 165 2540 ad
193 2479 410 2542 consonantes
444 2473 675 2558 pertinentium
709 2473 863 2556 exemplis
892 2459 1096 2556 defendatu'r,
1127 2474 1167 2538 de

33 2582 136 2664 quibus
160 2583 314 2669 quoniam
338 2582 481 2647 breviter
502 2603 568 2646 non
591 2583 714 2664 potest,
737 2580 803 2644 alio
827 2580 897 2643 looo
922 2579 1052 2644 dicetur.

108 2798 223 2863 Eidem
242 2795 505 2881 Zangemeietero
530 2793 747 2877 Agathouis
770 2791 912 2856 titulus
936 2791 1071 2856 debetur
1089 2794 1165 2858 ante

33 2925 87 2968 non
109 2905 224 2986 editus,
249 2925 342 2988 quem
366 2901 480 2966 tabula
504 2897 713 2984 lithographa
736 2897 867 2962 exhibet
889 2897 949 2962 sub
969 2895 1002 2962 G.
1047 2895 1164 2980 Reper-

32 3013 145 3076 tuaest
167 3011 225 3075 ille
249 3010 282 3074 iu
307 3029 386 3094 agro
409 2985 646 3088 Veranoscum
669 3004 896 3070 coemeterium
919 3003 1008 3068 aedis
1031 3002 1064 3067 S.
1080 3003 1165 3067 Lou-

31 3119 112 3180 rcatii
132 3123 222 3183 cetra
245 3137 351 3180 muros
375 3115 461 3179 ultra
488 3112 646 3198 pristinos
674 3113 755 3176 lines
778 3113 964 3196 promotum
987 3113 1050 3175 est:
1080 3131 1219 3176 nunoxn

31 3229 128 3289 autem
162 3225 197 3289 in
234 3222 360 3288 horreis
398 3221 500 3286 musei
538 3217 716 3304 Capitolini
752 3223 908 3284 servatur.
968 3215 1165 3282 Vetustioris

31 3331 149 3414 aeuus,
181 3351 280 3415 quam
309 3327 381 3393 sola
409 3327 588 3410 scripturae
616 3326 738 3409 species
766 3327 917 3406 testatur,
951 3323 1015 3388 alia
1047 3321 1167 3388 iudicia

31 3440 108 3500 certa
134 3437 225 3502 nulla
254 3439 343 3500 sunt:
376 3436 452 3518 post
480 3431 621 3497 medium
649 3431 777 3496 demum
808 3429 970 3495 saeculum
994 3430 1165 3514 septimum

30 3539 139 3606 lactum
163 3564 236 3608 esse
253 3547 266 3604 t
283 3541 413 3605 litterae
436 3537 592 3623 aspiratio
615 3538 806 3603 documento
831 3541 888 3602 est.
927 3535 1052 3601 Mutilis
1080 3557 1165 3600 nunc

30 3647 137 3714 litteris
160 3649 257 3734 plene
280 3646 469 3731 perscriptis
487 3645 550 3710 hoo
568 3643 677 3728 prodit
695 3644 914 3729 inscriptionis
932 3643 1164 3728 fragmentum:

322 3751 700 3838 cupariorum

473 3856 690 3922 aGA'l'HO
704 3891 711 3906 ·
727 3855 779 3920 LI

479 3961 784 4029 CONLEGEIS

416 4066 781 4136 cluuillas-Po

444 4168 790 4264 AGATHONISl’

108 4303 134 4408 ἶ)
152 4339 232 4395 Hauc
251 4351 400 4394 anonam
419 4333 539 4392 nominis
557 4330 818 4402 interpretationem
836 4327 929 4383 nescio
948 4341 1004 4394 qna
1022 4323 1162 4380 oblivione

33 4421 58 4476 P.
74 4425 102 4479 L.
120 4425 156 4482 Μ.
175 4427 207 4481 Ε.
226 4427 322 4481 Enarr.
341 4443 368 4496 p.
385 4431 418 4480 lt
442 4423 511 4479 mihi
530 4421 630 4488 tribui,
658 4435 742 4488 quarn
765 4415 917 4486 Bernaysio
935 4414 1162 4481 Mommseuoquo

33 4509 118 4568 deberi
134 4518 209 4572 reate
227 4517 352 4572 dixeram
371 4531 471 4570 comm.
491 4513 525 4568 de
544 4513 600 4568 liat.
619 4510 674 4566 litt
693 4525 719 4577 p.
736 4513 769 4561 19
783 4523 823 4574 ao.
842 4504 939 4575 [sopra
955 4520 982 4572 p.
997 4501 1071 4572 283]Ι
