3020 5118
824 1077 941 1158 VIII.

334 1230 592 1332 lrcnologiae
620 1231 770 1314 latinae
799 1233 1054 1314 corollarium
1082 1233 1403 1336 epigraphicum.*l
1456 1323 1458 1360 Ι

1456 1363 1457 1400 l

1456 1406 1457 1440 l

1455 1591 1456 1620 l

258 1665 295 1704 111
400 1643 437 1707 In
463 1645 659 1728 scriptorum
687 1644 779 1708 libris
808 1645 1032 1711 delitescentes
1064 1647 1239 1711 versiculos
1270 1643 1420 1727 aucupando
1451 1624 1455 1685 i

312 1755 441 1815 constat
460 1751 667 1816 curiosiorem
688 1774 783 1835 quarn
803 1752 1050 1817 fructuosiorem
1070 1775 1200 1837 operam
1221 1775 1242 1816 a
1261 1751 1421 1816 multismo-

312 1863 472 1941 sumptam
506 1881 583 1922 esso.
639 1858 700 1933 Qui
728 1859 754 1922 si
783 1882 848 1923 nou
877 1883 1026 1924 versuum
1056 1860 1231 1925 simulacra
1260 1860 1360 1944 potius
1381 1859 1421 1919 istu

313 1988 407 2048 quam
434 1966 538 2030 solida
561 1987 697 2049 corpora
721 1967 835 2029 sectati
860 1973 978 2052 essent,
1001 1969 1109 2032 neseio
1135 1991 1174 2032 en
1195 1967 1356 2052 aliquanto
1376 1963 1422 2046 plu-

312 2071 416 2136 laudis
449 2073 650 2138 meruissent.
698 2073 848 2149 Qualium
879 2097 950 2139 eum
980 2075 1058 2138 alibi
1091 2075 1206 2138 messis
1237 2074 1369 2138 maxima
1392 2085 1420 2129 ru

312 2182 380 2241 turn
395 2201 459 2242 uon
479 2180 693 2263 spernendum
714 2181 799 2262 apud
818 2181 907 2264 ipsos
927 2182 1101 2264 scriptores
1122 2181 1335 2265 spicilegium.
1354 2176 1421 2238 Velm

312 2285 397 2368 opud
422 2284 608 2351 Ciceronem
634 2311 706 2352 curu
729 2310 934 2352 numerorum
959 2289 1097 2370 vestigia
1116 2287 1331 2371 Beruaysium
1352 2305 1422 2366 uvrper

312 2393 527 2458 advertissent
559 2395 592 2458 in
626 2395 727 2459 facete
765 2395 860 2459 dictis
895 2397 960 2459 illis
996 2418 1078 2479 quae
1114 2397 1214 2460 habes
1255 2395 1294 2458 de
1329 2401 1422 2458 oraton

310 2497 394 2564 libro
413 2499 445 2562 ΙΙ
470 2523 536 2585 cap.
552 2502 594 2565 59
615 2507 647 2566 et
666 2503 717 2585 69,
741 2525 804 2565 non
824 2503 1043 2566 dubitavimus
1062 2503 1294 2588 integerrimos
1313 2499 1422 2566 semoris

311 2605 369 2669 hos
394 2620 583 2690 agnoscere:

422 2731 584 2795 Lacerat
607 2733 791 2796 lacertum
818 2732 934 2817 Largi
959 2733 1115 2798 mordax
1140 2733 1347 2798 Memmius,

421 2839 612 2903 Aemilius
637 2837 744 2921 fecit,
767 2840 955 2922 plectitur
978 2839 1161 2903 Rutilius,

310 2962 349 3025 ln
373 2964 437 3027 alio
462 2984 578 3047 genere
603 2964 691 3027 ferax
711 2985 918 3027 numerorum
938 2963 1144 3047 quantumvis
1163 2961 1295 3026 rudium
1312 2963 1342 3026 h.
1354 2984 1375 3023 e.
1390 2955 1424 3020 So·

310 3070 490 3132 turuiornm
513 3069 547 3133 T.
567 3069 678 3133 Livius
702 3073 821 3133 exstat:
851 3070 932 3133 unde
956 3074 1065 3134 temen
1093 3093 1177 3134 nune
1201 3070 1362 3134 abstinere
1381 3084 1423 3128 ma·

311 3198 386 3238 rrum
412 3176 619 3262 praestat.**)
661 3176 783 3241 Verum
812 3177 915 3240 multo
939 3178 1114 3261 largiorem
1142 3176 1301 3241 similium
1328 3173 1422 3256 copiam

312 3281 466 3344 attentius
496 3281 689 3346 rimantibus
714 3286 923 3346 monumenta
953 3282 1160 3367 epigraphica
1185 3281 1423 3366 suppeditabunt:

311 3388 393 3452 unde
421 3411 485 3451 non
515 3389 656 3471 paullum
685 3390 875 3452 incrementi
905 3388 1054 3452 accedere
1084 3387 1305 3471 Anthologiae
1335 3385 1423 3451 latmo
1456 3471 1457 3474 Ἴ

310 3497 439 3580 poterit.
475 3495 550 3560 Non
574 3501 623 3560 est
647 3497 772 3561 animus
797 3495 894 3560 latius
918 3499 1082 3578 patentem
1106 3494 1278 3558 materiam
1303 3495 1360 3558 hoe
1376 3491 1423 3553 loo
1453 3491 1457 3513 “

310 3626 382 3667 curn
406 3604 586 3687 pulvisculo
608 3605 785 3687 exhaurire,
802 3604 857 3667 sed
881 3607 1009 3666 tantum
1028 3602 1186 3686 quaedam
1206 3602 1352 3685 exempla
1368 3605 1422 3660 lam

310 3733 408 3793 quarn
432 3734 489 3795 per
512 3717 655 3775 saturam
676 3733 790 3795 sparsa
808 3709 873 3773 illis
894 3709 1019 3792 addere,
1043 3731 1124 3792 quae
1145 3707 1184 3772 ed
1204 3709 1338 3773 titulum
1352 3702 1423 3767 ilon-
1455 3758 1458 3775 ,

310 3816 452 3880 mianum
476 3841 578 3901 nuper
601 3817 841 3901 designavimus
865 3839 895 3899 p.
915 3815 963 3878 III
986 3818 1097 3898 [supra
1115 3838 1145 3898 p.
1161 3814 1203 3879 85
1219 3817 1294 3897 sepi:
1319 3833 1375 3894 quo
1390 3807 1421 3866 vo

399 4010 424 4078 ²⁶²)
444 4011 632 4079 [Prooemium
662 4009 763 4062 Indicis
792 4009 947 4062 scholarum
978 4007 1146 4061 aestivarum
1174 4006 1355 4060 Hennensium
1379 4015 1415 4050 mo

310 4097 540 4154 clolaceomm.
568 4099 741 4168 Bibliopolas
761 4098 895 4151 traditum
912 4097 1006 4165 porrois
1026 4097 1165 4150 ruenailms
1185 4098 1249 4164 post
1263 4093 1357 4147 eodem
1373 4103 1421 4140 cvl-¹

309 4187 414 4256 prodiit
436 4187 588 4256 praemissa
611 4189 663 4241 luae
686 4186 881 4256 inscriptione:
913 4185 1112 4254 ‘Anthologiae
1141 4185 1245 4242 latinae
1273 4177 1420 4235 corollario

309 4275 531 4344 epigraphienm.
555 4276 666 4344 scripsit
684 4276 713 4329 F.
729 4275 772 4328 Β]
798 4278 827 4328 et
845 4274 872 4327 iu
892 4275 945 4327 iinc-
961 4278 997 4343 (p.
1014 4275 1077 4326 xlll
1093 4276 1145 4343 sq.)
1170 4272 1287 4326 adiectis
1308 4265 1381 4323 ‘curis
1395 4282 1419 4312 a*

310 4364 427 4418 eundis’.
465 4365 564 4433 (tivi

380 4452 420 4521 **)
442 4453 494 4522 [t't'.
515 4471 589 4520 pecs.
611 4452 719 4507 saturn.
740 4453 826 4521 spicil.
848 4452 930 4520 (iufra
950 4471 975 4504 u.
996 4453 1043 4512 xm
1064 4470 1090 4519 p.
1110 4458 1133 4504 4.
1171 4451 1200 4503 C.
1222 4451 1276 4519 Ν]
