2984 5122
118 391 157 438 ou
177 391 428 439 nucninnrionn
453 393 599 452 stnsn
623 395 755 440 namus
778 393 1050 442 announinronn.
1096 377 1160 442 447

54 531 177 597 nisOois
199 539 480 600 commemoratum
503 559 524 601 a
542 536 726 602 Letronnio.
767 537 819 600 Ad
843 537 927 602 idem
946 559 1048 622 genus
1071 559 1161 603 aceu-

53 639 130 703 sativi
148 641 303 724 pertinent
325 641 472 708 ΑΚΕΣΙΝ
496 643 528 708 b.
547 663 572 708 e.
594 641 743 722 Ἀκέιιον,
770 643 1019 710 ΑΦΡΟΔΕΙΣΙΝ
1044 645 1160 710 ΕΛΛΑ-

51 748 106 810 ·ΔΙΝ
127 745 309 813 ΣΙΒΥΡΤΙΝ.
356 747 460 824 Quid?
490 749 575 834 quod
598 750 803 816 ΑΠΟΛΛΩΝΙ
832 755 865 815 et
887 749 1077 816 ΣΥΜΦΟΡΙ
1100 751 1162 814 for·

51 875 104 916 nas
130 851 159 917 0.
184 852 207 917 l.
229 854 314 920 3006
346 857 524 920 rectissime
557 861 592 920 ut
625 857 752 921 videtur
782 856 962 923 Boeokhius
995 858 1161 923 vocativus

49 957 250 1042 interpretatus
273 968 323 1046 est
346 964 409 1028 vol.
428 963 461 1028 Π
484 986 515 1047 p.
530 964 602 1028 682.
644 963 704 1027 His
734 964 842 1028 neutri
869 965 997 1048 generis
1030 964 1162 1028 nomina

49 1065 202 1149 succedant,
220 1069 285 1132 sire
304 1091 343 1135 ea
362 1073 438 1134 sunt
456 1069 626 1134 mulierum
645 1074 682 1134 ut
701 1071 925 1136 ΕΛΕΥΘΕΡΙΝ
952 1068 1188 1136 ΚΑΛΛΙΣῘΙΝι

48 1173 251 1252 ΦΙΛΗΜΑΤΙΝ,
285 1175 454 1241 ΖΩΕΑΡΙΝ
483 1173 518 1240 0.
546 1174 571 1239 Ι.
601 1177 702 1258 2410,
739 1178 916 1242 ΑΡῘΕΜΙΝ
946 1177 1033 1240 2720
1062 1173 1161 1260 (quod

47 1281 202 1364 exemplum
225 1282 286 1346 etsi
309 1283 466 1348 incertum
490 1287 552 1366 est,
579 1265 688 1346 tamen
712 1282 750 1346 de
775 1271 938 1362 ’Ᾱρτέμιον
960 1283 1161 1348 nominativo

46 1384 163 1452 dubitari
185 1410 248 1452 non
270 1390 393 1473 patitur
415 1412 446 1454 n.
466 1387 557 1476 695):
582 1389 650 1454 sive
673 1388 801 1454 urbium
825 1393 861 1454 ut
885 1391 1040 1455 ΕΙΚΟΝΙΝ
1062 1390 1160 1453 ΚΠΙΝ

44 1493 113 1574 apud
131 1494 327 1560 Richterum:
356 1495 424 1558 sire
452 1494 514 1558 viri
539 1493 832 1560 ιι1ΣΤΡοΥΘΕΙΝ
857 1517 877 1559 ιι
899 1493 1075 1559 Latronnio
1098 1494 1162 1558 dis·

42 1604 180 1682 captatum
209 1601 508 1680 naimonem
539 1601 648 1684 potius
676 1623 774 1686 quam
802 1601 992 1684 Στρούθιον,
1024 1623 1162 1684 quocum

41 1705 161 1771 conferre
191 1708 267 1772 licet
299 1709 496 1774 ΑΘΗΝΑΕΙ(
536 1708 633 1772 semel
666 1707 822 1791 scriptum
856 1705 891 1772 0.
917 1706 941 1770 I.
970 1709 1048 1790 623,
1081 1707 1160 1772 item

42 1811 188 1880 ΝΟΝΝΕΙ(
220 1819 252 1879 et
280 1816 384 1881 ΓΑΕΙ(
414 1837 550 1898 qourum
579 1814 662 1878 infra
691 1815 812 1880 mentio
839 1814 907 1878 fiet:
944 1836 1000 1879 seu
1024 1814 1161 1898 deniqne

41 1922 287 2002 appellativorum
312 1927 348 1985 ut
363 1921 565 1986 ΜΑΡΤΥΡΙΝ
591 1921 737 1987 (ΤΑΔΙΝ
756 1943 816 2004 pro
835 1922 1007 2001 μαρτύριον
1025 1921 1161 1999 trition,

39 2023 102 2090 item
118 2050 171 2110 pro
190 2028 321 2093 παιδίον
343 2029 469 2093 ΠΕΔΙΝ
494 2028 579 2111 apud
598 2027 765 2094 Osannum
785 2050 815 2111 p.
829 2027 904 2112 456,
925 2029 1055 2094 ΠΑΔΙΝ
1077 2027 1162 2111 apud

40 2128 214 2200 Bocckhium
236 2159 267 2200 n.
288 2135 386 2200 2890.

112 2241 226 2308 Verum
251 2245 290 2309 de
311 2265 345 2307 re
364 2265 436 2310 cnm
455 2244 536 2309 satis
554 2247 727 2328 constaret,
745 2247 856 2309 tamen
874 2242 1109 2308 diversissimas
1128 2242 1162 2306 in

38 2352 128 2428 partes
150 2351 228 2415 itum
252 2355 305 2415 est
333 2349 371 2414 de
396 2353 503 2416 aetate
528 2355 624 2436 atque
652 2351 812 2436 dignitate
839 2351 954 2416 talium
977 2349 1163 2414 formarum.

39 2453 199 2522 Senescenti
226 2481 282 2524 eas
308 2458 486 2524 Graecitati
514 2461 564 2524 vel
591 2459 763 2523 barbariae
790 2457 1011 2522 hellenistioae
1039 2455 1161 2540 Byzan·

38 2559 142 2628 tinacia
172 2587 243 2629 oum
272 2565 439 2631 Boeolrhio
468 2565 579 2650 (uobl
608 2587 637 2648 p.
656 2563 737 2651 476)
770 2563 957 2629 Welckerus
989 2563 1162 2628 Richterus

38 2663 172 2734 Frannius
194 2672 397 2756 tribuebant,
430 2673 561 2756 eiusque
589 2671 698 2737 iudicii
730 2693 805 2740 non,
823 2693 894 2735 carn
922 2671 1050 2734 tanturn
1073 2691 1162 2734 caus-

38 2794 92 2839 sam
112 2775 292 2844 habuerunt
316 2779 400 2863 quod
423 2778 554 2843 illorum
583 2778 751 2844 titulorum
776 2799 888 2862 reapse
911 2776 1019 2842 nullus
1042 2775 1160 2840 vetust'

38 2881 172 2966 temporis
203 2889 267 2967 cst,
302 2883 397 2948 multi
426 2883 556 2948 infimae
590 2883 759 2968 aetatie*),
791 2883 846 2948 sed
878 2882 1039 2967 potiorem
1071 2881 1163 2965 hanc,

37 2989 105 3069 quod
126 2992 319 3058 recentiores
343 2994 440 3074 atque
463 2990 543 3056 adeo
566 2989 738 3055 hodiernos
757 2989 897 3054 Graecos
921 2993 1051 3054 constat
1072 3010 1162 3072 pror·

38 3115 80 3157 sus
104 3097 140 3162 de
165 3097 398 3163 consuetudine
424 3099 471 3160 ῶῐ
500 3101 534 3161 et
557 3101 609 3160 ιον
637 3096 794 3180 syllabas,
827 3118 865 3160 ao
896 3100 1025 3181 praeter
1055 3099 1163 3160 cetera

37 3205 90 3273 οἰοῖ
116 3209 196 3288 ῥίον,
227 3205 263 3269 in
286 3207 315 3267 Γ(
338 3208 372 3268 et
395 3207 426 3267 ιν
454 3203 660 3287 contrahere,
696 3206 733 3266 ut
761 3201 952 3282 Ἰονουάριοι
982 3201 1162 3283 Ἰανουάριι,

37 3307 173 3386 ποδάριον
201 3311 342 3388 ποδάριν
370 3306 466 3394 (unde
494 3331 603 3374 rursus
628 3309 744 3389 ποδάρι
772 3309 892 3393 prodiit
919 3311 1080 3375 communi
1104 3333 1164 3376 usn

36 3429 105 3476 nuno
128 3413 322 3501 receptum):
355 3415 440 3500 quod
468 3435 568 3500 genus
602 3415 821 3498 exemplorum
853 3415 1060 3482 multitudine
1090 3421 1164 3500 post

37 3512 219 3608 Dumngium
247 3545 322 3588 cnm
352 3519 472 3614 Corace
504 3521 690 3586 inlustravit
722 3521 793 3586 adn.
820 3521 854 3584 in
882 3519 1043 3589 Heracliti
1070 3523 1164 3590 Pont.

36 3641 60 3702 p.
75 3625 141 3710 353,
161 3629 239 3693 item
265 3627 426 3693 Ἀτάιιτιυν
448 3626 464 3691 I
487 3649 517 3711 p.
536 3627 578 3691 47
603 3631 636 3690 et
657 3627 731 3710 310,
754 3632 823 3692 tum
847 3649 951 3711 nuper
968 3627 1163 3696 Mullaehius

37 3725 62 3792 iu
78 3731 224 3800 Demetrii
244 3733 323 3798 Zeni
343 3733 495 3817 paraphr.
514 3732 718 3799 Batrachom.
737 3757 767 3818 p.
782 3733 825 3798 55
847 3737 879 3798 et
897 3733 931 3798 in
950 3736 1163 3818 grammatica

37 3833 147 3921 linguae
175 3839 230 3906 Gr.
259 3839 346 3924 vulg.
378 3861 409 3923 p.
436 3841 497 3905 173
523 3862 568 3924 sq.
602 3842 702 3921 [nunc
731 3839 914 3926 Daffnerus,
948 3843 1163 3923 Νεοελληνιιιὰ

38 3975 231 3995 ““·“··-----ι

109 4050 133 4118 ’)
152 4049 283 4108 Consulto
302 4068 387 4122 supra
405 4050 508 4106 multo·
526 4067 620 4106 eornm
641 4051 722 4108 omisi
737 4069 805 4121 quor
820 4051 992 4108 Christianos
1012 4069 1072 4108 cnse
1087 4057 1163 4110 certo

37 4139 138 4206 constat,
158 4139 287 4211 Corporis
303 4141 322 4194 I.
338 4141 370 4196 G.
390 4139 531 4196 volumine
551 4141 586 4194 lV
609 4141 751 4206 collectos,
771 4143 802 4195 nt
819 4159 846 4210 p.
861 4147 913 4196 309
933 4143 1060 4198 ΑΠΟΨΙ(
1079 4143 1163 4198 ΑΠΟ-

36 4221 113 4278 ΨΙΔΙΝ
130 4228 278 4284 ΤΟΠΑΡΙΝ
303 4230 514 4284 ΧΡΥΕΕΛΑΔΙΝ
538 4230 694 4297 ΦΟΙΝ1ΚΙΝ,
718 4231 785 4284 item
805 4231 943 4286 ΤΑΡΑΟ(
966 4250 992 4286 ιι.
1008 4239 1086 4300 9959,
1110 4234 1164 4288 ΑΕ·

39 4307 144 4370 tonui(
161 4323 239 4385 9288,
266 4318 515 4384 meretricatae,
545 4319 723 4373 acronio(
743 4325 821 4386 9599,
850 4321 1066 4377 ΧΑΛΚΗΔΟΝΙ(
1085 4328 1164 4390 9597,

38 4395 185 4460 ΘΕΟΛΟΟ(
202 4412 283 4472 0607,
302 4406 433 4461 ΕΥίΕΒΙί
448 4411 528 4472 sela,
547 4409 720 4462 Arimi-119¹}
735 4413 813 4464 9619.
829 4415 909 4474 0710,
927 4409 1068 4466 ΠΕΛΑΓΙ(
1083 4418 1162 4480 9654,

40 4485 177 4548 serloni<
195 4501 272 4550 9670.
