2972 5120
301 377 365 439 568
539 390 682 438 rursosu
707 391 929 439 nsrrnrrarrs
953 391 1209 438 uerouannrcru

302 533 392 609 Quod
423 513 642 618 fragmentum
671 534 779 626 aliqua
809 535 993 600 coniectura
1023 535 1173 618 supplere
1200 533 1288 616 uelle,
1318 554 1405 596 cuns

302 646 456 726 quattuor
479 642 620 724 partium
649 642 740 705 nulla
763 642 926 726 integrum
956 641 1097 724 lapidem
1121 640 1303 722 habeamus,
1326 640 1407 702 bario

302 749 400 813 lantis
424 749 533 833 potius
558 748 601 812 sit
625 769 721 831 quam
745 748 982 813 ratiocinantis.

391 1176 521 1240 Pridem
545 1199 563 1239 a
587 1175 680 1238 nobis
700 1178 980 1258 repraesentatum
1002 1175 1036 1238 P.
1060 1175 1095 1240 L.
1119 1172 1161 1238 M.
1185 1175 1222 1239 Ε.
1244 1175 1307 1238 tab.
1324 1172 1413 1238 null

302 1285 459 1349 titulum
483 1282 711 1346 Vaticanum
739 1285 910 1366 propterea
939 1282 1119 1346 iterandum
1148 1281 1293 1345 duximus
1322 1279 1372 1343 sub
1388 1277 1416 1358 ll,

304 1395 339 1453 ut
367 1390 495 1473 culpam
524 1389 591 1452 illic
620 1390 841 1472 commissam,
874 1411 955 1472 quae
984 1389 1177 1453 tamen-vix
1199 1388 1308 1452 haberi
1329 1391 1416 1450 nostra

303 1501 426 1580 potest,
450 1516 708 1579 expurgarcmus.
742 1496 867 1579 Quippe
882 1496 1031 1560 Bonnam
1049 1495 1277 1560 transmissum
1295 1499 1417 1576 ectypun

303 1603 507 1667 chartaceum
536 1602 584 1665 ita
611 1607 763 1686 paratum
791 1607 873 1686 erat,
906 1607 943 1666 ut
969 1625 988 1666 a
1012 1599 1182 1666 CALTILI
1211 1601 1337 1665 nomine
1362 1600 1419 1662 inci·

304 1711 395 1795 piens
428 1732 493 1773 una
520 1710 733 1773 continuitate
767 1714 915 1794 pergeret
945 1709 985 1773 ad
1013 1707 1153 1772 TVLLI.
1212 1707 1282 1772 Iam
1309 1729 1373 1772 cum
1394 1728 1420 1766 er

304 1815 430 1880 adiecta
453 1815 528 1878 huic
552 1817 670 1898 ectypo
694 1815 795 1878 totius
825 1836 900 1878 arae
923 1815 1081 1897 imagine,
1109 1837 1206 1898 quam
1235 1815 1268 1878 in
1291 1811 1323 1878 P.
1344 1809 1373 1875 L
1391 1809 1422 1873 ll.

304 1923 341 1986 E.
366 1922 424 1986 sub
448 1943 469 1984 u
491 1922 599 2004 posui,
623 1921 812 2004 planissime
833 1925 1002 2004 appareret
1021 1922 1127 2005 ipsum
1147 1920 1338 2004 principium
1354 1917 1421 1983 tituli

305 2053 324 2092 a
347 2027 640 2103 T·QV1NC'PIVS
670 2030 801 2094 nomine
830 2029 914 2112 fieri,
946 2033 1071 2093 mutato
1104 2027 1217 2093 ordine
1248 2027 1322 2092 hinc
1351 2045 1423 2090 suun

305 2135 533 2217 lithographus
554 2136 736 2218 exemplum
756 2136 896 2200 exordiri
915 2137 1022 2200 iussus
1042 2140 1100 2219 est,
1118 2135 1247 2220 qnando
1261 2155 1321 2200 non
1341 2131 1422 2216 potuit

305 2265 369 2306 non
393 2263 450 2324 per
472 2245 576 2304 totum
602 2243 711 2306 orbem
736 2243 894 2307 rotundae
923 2265 998 2307 arae
1021 2241 1193 2325 inscriptio
1219 2241 1372 2326 pertinere
1390 2237 1423 2300 ri·

305 2348 384 2410 deri:
413 2370 472 2411 nec
497 2347 669 2431 quicquam
693 2349 889 2413 contrariam
918 2349 951 2412 iu
979 2351 1105 2431 partem
1130 2349 1345 2432 significatum
1366 2360 1424 2408 erat.

304 2453 389 2517 Hinc
411 2449 519 2536 igitur
546 2475 745 2538 consequens
773 2454 836 2518 fuit
863 2459 899 2519 ut
927 2459 978 2519 sat
1005 2476 1120 2539 graves
1145 2453 1360 2518 dubitationes
1380 2449 1424 2514 ori·

305 2565 416 2623 rentur
439 2560 477 2623 dc
501 2560 639 2643 duobus,
668 2565 704 2623 ut
727 2561 857 2644 quidem
886 2562 1064 2644 videbatur,
1091 2561 1280 2626 hominibus
1304 2562 1334 2625 in
1355 2580 1425 2641 supe·

305 2668 389 2730 riore
408 2672 498 2749 parte
519 2688 593 2730 arae
612 2667 812 2750 perscriptiS,
828 2668 933 2732 tribus
953 2674 1061 2732 autem
1080 2667 1327 2752 magistratibus
1345 2663 1425 2748 partis

305 2773 476 2837 inferioris
509 2773 547 2836 In
572 2795 637 2856 qua
658 2773 851 2837 difficultate
871 2774 1070 2858 expedienda
1091 2795 1175 2837 nunc
1199 2774 1326 2837 demum
1348 2794 1425 2854 appu·

306 2885 356 2942 ret
379 2885 446 2943 tam
470 2879 556 2942 felici
585 2879 732 2942 acumine
756 2879 992 2944 Mommscnum
1021 2883 1184 2944 versatum
1214 2903 1285 2943 esse
1313 2877 1344 2943 C.
1364 2877 1384 2940 Ι.
1403 2875 1425 2936 Ι,

305 2987 318 3050 l
344 3010 373 3050 n.
394 2987 472 3068 804,
500 2985 582 3049 nihil
606 2989 642 3049 ut
665 2986 705 3049 ad
731 2987 1027 3051 commodissimum
1055 2987 1258 3051 intellectum
1281 2986 1343 3049 iam
1364 2983 1426 3046 desi·

306 3095 442 3158 deretur.
494 3093 586 3169 (luod
619 3093 705 3156 anim
742 3094 901 3176 suspicari
934 3115 1026 3158 nemo
1059 3093 1230 3174 debuerat,
1267 3094 1425 3157 lacunosum

307 3222 375 3263 esse
400 3201 506 3282 qualis
536 3199 640 3262 adhuc
664 3200 969 3282 repraesentabatur
999 3200 1257 3282 inscriptionem,
1290 3199 1321 3264 id
1342 3198 1425 3280 ipsun

307 3305 462 3385 eiusdem,
490 3307 578 3368 cuius
604 3305 782 3369 honorifica
806 3307 929 3370 mentio
954 3306 1003 3369 bis
1026 3306 1112 3369 facta
1131 3309 1182 3369 est
1201 3327 1308 3388 snpra,
1330 3303 1425 3382 Zanue

232 3431 292 3470 xm
307 3411 451 3473 meisteri
476 3412 596 3474 virtute
621 3435 704 3476 nunc
726 3413 835 3495 patuit
857 3412 906 3475 ita
929 3434 1060 3494 prorsus
1085 3435 1118 3475 se
1142 3412 1274 3476 habere.
1312 3411 1339 3475 ls
1359 3408 1425 3471 enin

306 3539 379 3580 cum
403 3517 505 3580 musei
529 3517 679 3581 Vaticani
705 3519 813 3602 copias
843 3520 1043 3602 perlustrans
1071 3517 1105 3581 in
1133 3518 1218 3583 hune
1242 3518 1371 3602 lapidem
1393 3515 1424 3574 in·

306 3623 450 3706 cidisset,
482 3623 561 3687 bene
586 3647 709 3688 memor
732 3624 874 3689 nondum
899 3626 1025 3689 solutae
1048 3625 1247 3708 quaestionis
1271 3626 1342 3688 ilico
1363 3617 1423 3684 sidit

306 3755 322 3794 c
347 3731 472 3813 postico
497 3753 570 3794 arae
600 3731 699 3793 latere
730 3733 872 3814 aliquam
903 3731 1097 3816 particulam
1124 3732 1252 3815 pristini
1281 3726 1423 3796 marmoris

307 3839 392 3900 inter
416 3837 546 3900 TVLLI
571 3843 603 3901 et
627 3837 800 3902 OrlLTlLI
825 3839 956 3902 nomina
980 3838 1124 3920 periisse,
1147 3859 1257 3900 recens
1277 3841 1372 3900 autern
1390 3832 1423 3892 iu·

308 3949 393 4008 serto
417 3945 534 4026 lapidis
559 3944 710 4026 frustum,
739 3945 871 4028 eiusque
899 3944 1009 4026 paullo
1033 3943 1240 4025 candidioris,
1267 3942 1421 4026 suppletum

308 4074 391 4133 esse,
424 4050 479 4112 sed
509 4051 576 4113 sine
606 4050 724 4112 litteris
759 4050 955 4133 suppletam,
987 4050 1049 4114 nisi
1078 4050 1164 4134 quod
1192 4049 1299 4114 fractis
1325 4047 1338 4111 l
1359 4051 1384 4108 et
1403 4041 1421 4102 l'

307 4159 423 4222 litteris
449 4157 603 4221 tenuiculi
628 4157 758 4240 quidam
783 4158 890 4240 apices
915 4161 1128 4221 accesserunt.
1170 4157 1272 4232 Quam
1290 4155 1420 4219 rationem

308 4288 435 4328 curnem
460 4288 625 4348 speramus
646 4265 713 4327 fore
733 4267 769 4326 ut
788 4263 900 4326 tabula
918 4267 1030 4326 nostra
1049 4261 1256 4347 lithographa
1276 4261 1420 4341 diligenter

308 4373 479 4434 observata
503 4371 681 4454 spatiorum
706 4370 916 4453 proportione
935 4371 982 4433 ita
1001 4370 1131 4452 planam
1151 4370 1261 4450 faciat,
1282 4373 1313 4430 ut
1328 4361 1417 4426 certis-

309 4478 389 4540 sima
414 4478 446 4539 in
470 4478 538 4540 lucc
564 4477 757 4542 llomrnscni
781 4478 847 4539 tale
872 4477 1129 4561 supplementum
1153 4477 1311 4560 appareat:
