<?xml version="1.0" encoding="UTF-8"?>
<!DOCTYPE html PUBLIC "-//W3C//DTD XHTML 1.0 Transitional//EN"
    "http://www.w3.org/TR/xhtml1/DTD/xhtml1-transitional.dtd">
<html xmlns="http://www.w3.org/1999/xhtml" xml:lang="en" lang="en">
 <head>
  <title>
</title>
<meta http-equiv="Content-Type" content="text/html;charset=utf-8" />
  <meta name='ocr-system' content='tesseract 3.04.00' />
  <meta name='ocr-capabilities' content='ocr_page ocr_carea ocr_par ocr_line ocrx_word'/>
</head>
<body>
  <div class='ocr_page' id='page_1' title='image "./fridericiritsch03ritsgoog_0597.png"; bbox 0 0 2972 5120; ppageno 0'>
   <div class='ocr_carea' id='block_1_1' title="bbox 334 331 1244 398">
    <p class='ocr_par' dir='ltr' id='par_1_1' title="bbox 334 331 1244 398">
     <span class='ocr_line' id='line_1_1' title="bbox 334 331 1244 398; baseline 0.001 -4"><span class='ocrx_word' id='word_1_1' title='bbox 334 331 400 394; x_wconf 84' lang='lat'><strong>560</strong></span> <span class='ocrx_word' id='word_1_2' title='bbox 567 349 714 396; x_wconf 79' lang='lat' dir='ltr'><strong>nmscns</strong></span> <span class='ocrx_word' id='word_1_3' title='bbox 738 349 964 398; x_wconf 74' lang='lat' dir='ltr'><strong>uauruiusms</strong></span> <span class='ocrx_word' id='word_1_4' title='bbox 988 349 1244 397; x_wconf 73' lang='lat' dir='ltr'><strong>annemundum</strong></span> 
     </span>
    </p>
   </div>
   <div class='ocr_carea' id='block_1_2' title="bbox 307 491 1436 1438">
    <p class='ocr_par' dir='ltr' id='par_1_2' title="bbox 332 491 1435 1217">
     <span class='ocr_line' id='line_1_2' title="bbox 424 491 1428 578; baseline -0.001 -23"><span class='ocrx_word' id='word_1_5' title='bbox 424 491 517 556; x_wconf 89' lang='lat' dir='ltr'><strong>Hanc</strong></span> <span class='ocrx_word' id='word_1_6' title='bbox 541 494 641 577; x_wconf 84' lang='lat' dir='ltr'><strong>igitur</strong></span> <span class='ocrx_word' id='word_1_7' title='bbox 669 494 707 557; x_wconf 89' lang='lat' dir='ltr'><strong>de</strong></span> <span class='ocrx_word' id='word_1_8' title='bbox 736 497 842 558; x_wconf 88' lang='lat' dir='ltr'><strong>aetate</strong></span> <span class='ocrx_word' id='word_1_9' title='bbox 873 495 1072 559; x_wconf 89' lang='lat' dir='ltr'><strong>monumenti</strong></span> <span class='ocrx_word' id='word_1_10' title='bbox 1096 493 1266 560; x_wconf 83' lang='lat' dir='ltr'><strong>Glanensis</strong></span> <span class='ocrx_word' id='word_1_11' title='bbox 1287 495 1428 578; x_wconf 81' lang='lat' dir='ltr'>opinionem</span> 
     </span>
     <span class='ocr_line' id='line_1_3' title="bbox 334 599 1429 683; baseline -0.001 -21"><span class='ocrx_word' id='word_1_12' title='bbox 334 621 406 663; x_wconf 83' lang='lat' dir='ltr'><strong>cunr</strong></span> <span class='ocrx_word' id='word_1_13' title='bbox 430 599 497 663; x_wconf 89' lang='lat' dir='ltr'><strong>fere</strong></span> <span class='ocrx_word' id='word_1_14' title='bbox 521 600 680 663; x_wconf 87' lang='lat' dir='ltr'><strong>dominari</strong></span> <span class='ocrx_word' id='word_1_15' title='bbox 704 600 859 683; x_wconf 84' lang='lat' dir='ltr'><strong>viderem,</strong></span> <span class='ocrx_word' id='word_1_16' title='bbox 884 623 951 666; x_wconf 90' lang='lat' dir='ltr'><strong>non</strong></span> <span class='ocrx_word' id='word_1_17' title='bbox 974 601 1178 667; x_wconf 80' lang='lat' dir='ltr'>mediocriter</span> <span class='ocrx_word' id='word_1_18' title='bbox 1199 602 1329 666; x_wconf 86' lang='lat' dir='ltr'><strong>mirabar</strong></span> <span class='ocrx_word' id='word_1_19' title='bbox 1347 623 1429 682; x_wconf 85' lang='lat' dir='ltr'><strong>parurn</strong></span> 
     </span>
     <span class='ocr_line' id='line_1_4' title="bbox 335 706 1431 792; baseline -0.001 -24"><span class='ocrx_word' id='word_1_20' title='bbox 335 728 428 769; x_wconf 86' lang='lat' dir='ltr'><strong>curae</strong></span> <span class='ocrx_word' id='word_1_21' title='bbox 453 707 494 769; x_wconf 86' lang='lat' dir='ltr'><strong>ab</strong></span> <span class='ocrx_word' id='word_1_22' title='bbox 518 706 638 770; x_wconf 89' lang='lat' dir='ltr'><strong>eisdem</strong></span> <span class='ocrx_word' id='word_1_23' title='bbox 659 707 847 790; x_wconf 75' lang='lat' dir='ltr'><strong>antiquariis</strong></span> <span class='ocrx_word' id='word_1_24' title='bbox 871 706 905 771; x_wconf 87' lang='lat' dir='ltr'><strong>in</strong></span> <span class='ocrx_word' id='word_1_25' title='bbox 925 730 961 771; x_wconf 86' lang='lat' dir='ltr'><strong>ca</strong></span> <span class='ocrx_word' id='word_1_26' title='bbox 980 708 1191 792; x_wconf 79' lang='lat' dir='ltr'><strong>inscriptione</strong></span> <span class='ocrx_word' id='word_1_27' title='bbox 1210 709 1347 791; x_wconf 87' lang='lat' dir='ltr'><strong>positum,</strong></span> <span class='ocrx_word' id='word_1_28' title='bbox 1362 729 1431 790; x_wconf 87' lang='lat' dir='ltr'><strong>quan</strong></span> 
     </span>
     <span class='ocr_line' id='line_1_5' title="bbox 334 814 1432 897; baseline -0.004 -21"><span class='ocrx_word' id='word_1_29' title='bbox 334 817 444 876; x_wconf 86' lang='lat' dir='ltr'><strong>tamen</strong></span> <span class='ocrx_word' id='word_1_30' title='bbox 478 835 588 877; x_wconf 89' lang='lat' dir='ltr'><strong>omnes</strong></span> <span class='ocrx_word' id='word_1_31' title='bbox 621 819 756 877; x_wconf 80' lang='lat' dir='ltr'><strong>nossent</strong></span> <span class='ocrx_word' id='word_1_32' title='bbox 783 814 816 876; x_wconf 90' lang='lat' dir='ltr'><strong>in</strong></span> <span class='ocrx_word' id='word_1_33' title='bbox 845 815 951 878; x_wconf 86' lang='lat' dir='ltr'><strong>media</strong></span> <span class='ocrx_word' id='word_1_34' title='bbox 980 819 1072 897; x_wconf 88' lang='lat' dir='ltr'><strong>parte</strong></span> <span class='ocrx_word' id='word_1_35' title='bbox 1102 815 1296 879; x_wconf 88' lang='lat' dir='ltr'><strong>monumenti</strong></span> <span class='ocrx_word' id='word_1_36' title='bbox 1320 836 1336 877; x_wconf 89' lang='lat' dir='ltr'><strong>e</strong></span> <span class='ocrx_word' id='word_1_37' title='bbox 1357 814 1432 876; x_wconf 77' lang='lat' dir='ltr'><strong>tribus</strong></span> 
     </span>
     <span class='ocr_line' id='line_1_6' title="bbox 333 919 1433 1005; baseline -0.003 -22"><span class='ocrx_word' id='word_1_38' title='bbox 333 920 491 984; x_wconf 86' lang='lat' dir='ltr'><strong>tabulatis</strong></span> <span class='ocrx_word' id='word_1_39' title='bbox 511 921 682 1004; x_wconf 85' lang='lat' dir='ltr'><strong>compositi</strong></span> <span class='ocrx_word' id='word_1_40' title='bbox 706 943 763 1003; x_wconf 86' lang='lat' dir='ltr'><strong>per</strong></span> <span class='ocrx_word' id='word_1_41' title='bbox 787 921 975 1004; x_wconf 86' lang='lat' dir='ltr'><strong>epistylium</strong></span> <span class='ocrx_word' id='word_1_42' title='bbox 999 943 1094 986; x_wconf 92' lang='lat' dir='ltr'><strong>omne</strong></span> <span class='ocrx_word' id='word_1_43' title='bbox 1118 922 1276 1004; x_wconf 88' lang='lat' dir='ltr'><strong>pertinere</strong></span> <span class='ocrx_word' id='word_1_44' title='bbox 1297 919 1433 1005; x_wconf 76' lang='lat' dir='ltr'><strong>grandibus</strong></span> 
     </span>
     <span class='ocr_line' id='line_1_7' title="bbox 332 1026 1433 1110; baseline -0.002 -21"><span class='ocrx_word' id='word_1_45' title='bbox 332 1026 452 1090; x_wconf 89' lang='lat' dir='ltr'><strong>litteris</strong></span> <span class='ocrx_word' id='word_1_46' title='bbox 472 1031 650 1090; x_wconf 83' lang='lat' dir='ltr'><strong>exaratam:</strong></span> <span class='ocrx_word' id='word_1_47' title='bbox 674 1048 755 1110; x_wconf 86' lang='lat' dir='ltr'><strong>quae</strong></span> <span class='ocrx_word' id='word_1_48' title='bbox 779 1027 869 1090; x_wconf 90' lang='lat' dir='ltr'><strong>cuius</strong></span> <span class='ocrx_word' id='word_1_49' title='bbox 893 1049 963 1091; x_wconf 88' lang='lat' dir='ltr'><strong>esse</strong></span> <span class='ocrx_word' id='word_1_50' title='bbox 987 1028 1105 1091; x_wconf 86' lang='lat' dir='ltr'><strong>aetatis</strong></span> <span class='ocrx_word' id='word_1_51' title='bbox 1129 1027 1179 1090; x_wconf 89' lang='lat' dir='ltr'><strong>vel</strong></span> <span class='ocrx_word' id='word_1_52' title='bbox 1203 1032 1308 1110; x_wconf 85' lang='lat' dir='ltr'><strong>posset</strong></span> <span class='ocrx_word' id='word_1_53' title='bbox 1328 1027 1371 1089; x_wconf 81' lang='lat' dir='ltr'><strong>rel</strong></span> <span class='ocrx_word' id='word_1_54' title='bbox 1390 1048 1433 1088; x_wconf 89' lang='lat' dir='ltr'><strong>nou</strong></span> 
     </span>
     <span class='ocr_line' id='line_1_8' title="bbox 334 1132 1435 1217; baseline -0.004 -21"><span class='ocrx_word' id='word_1_55' title='bbox 334 1138 456 1216; x_wconf 87' lang='lat' dir='ltr'><strong>posset,</strong></span> <span class='ocrx_word' id='word_1_56' title='bbox 487 1135 607 1197; x_wconf 88' lang='lat' dir='ltr'><strong>nemini</strong></span> <span class='ocrx_word' id='word_1_57' title='bbox 636 1134 687 1197; x_wconf 86' lang='lat' dir='ltr'><strong>vel</strong></span> <span class='ocrx_word' id='word_1_58' title='bbox 711 1135 744 1198; x_wconf 91' lang='lat' dir='ltr'><strong>in</strong></span> <span class='ocrx_word' id='word_1_59' title='bbox 768 1139 907 1198; x_wconf 86' lang='lat' dir='ltr'><strong>mentem</strong></span> <span class='ocrx_word' id='word_1_60' title='bbox 937 1134 1025 1199; x_wconf 85' lang='lat' dir='ltr'><strong>venit</strong></span> <span class='ocrx_word' id='word_1_61' title='bbox 1048 1155 1210 1217; x_wconf 82' lang='lat' dir='ltr'><strong>quaerere.</strong></span> <span class='ocrx_word' id='word_1_62' title='bbox 1256 1132 1351 1209; x_wconf 80' lang='lat' dir='ltr'><strong>Quid?</strong></span> <span class='ocrx_word' id='word_1_63' title='bbox 1378 1132 1435 1215; x_wconf 87' lang='lat' dir='ltr'><strong>quod</strong></span> 
     </span>
    </p>

    <p class='ocr_par' dir='ltr' id='par_1_3' title="bbox 307 1238 1436 1438">
     <span class='ocr_line' id='line_1_9' title="bbox 307 1238 1436 1325; baseline -0.004 -21"><span class='ocrx_word' id='word_1_64' title='bbox 307 1238 372 1304; x_wconf 58' lang='lat' dir='ltr'><strong>*ne</strong></span> <span class='ocrx_word' id='word_1_65' title='bbox 396 1245 482 1304; x_wconf 89' lang='lat' dir='ltr'><strong>recte</strong></span> <span class='ocrx_word' id='word_1_66' title='bbox 507 1241 642 1324; x_wconf 83' lang='lat' dir='ltr'><strong>legendo</strong></span> <span class='ocrx_word' id='word_1_67' title='bbox 672 1240 801 1324; x_wconf 87' lang='lat' dir='ltr'><strong>quidem</strong></span> <span class='ocrx_word' id='word_1_68' title='bbox 824 1239 1041 1323; x_wconf 86' lang='lat' dir='ltr'><strong>vertendoque</strong></span> <span class='ocrx_word' id='word_1_69' title='bbox 1068 1241 1164 1304; x_wconf 89' lang='lat' dir='ltr'><strong>titulo</strong></span> <span class='ocrx_word' id='word_1_70' title='bbox 1189 1241 1282 1325; x_wconf 84' lang='lat' dir='ltr'><strong>longe</strong></span> <span class='ocrx_word' id='word_1_71' title='bbox 1304 1239 1436 1322; x_wconf 77' lang='lat' dir='ltr'><strong>simplicis·</strong></span> 
     </span>
     <span class='ocr_line' id='line_1_10' title="bbox 334 1345 1436 1438; baseline -0.005 -28"><span class='ocrx_word' id='word_1_72' title='bbox 334 1347 415 1410; x_wconf 89' lang='lat' dir='ltr'><strong>simo</strong></span> <span class='ocrx_word' id='word_1_73' title='bbox 440 1348 610 1431; x_wconf 88' lang='lat' dir='ltr'><strong>quisquam</strong></span> <span class='ocrx_word' id='word_1_74' title='bbox 636 1370 695 1430; x_wconf 89' lang='lat' dir='ltr'><strong>par</strong></span> <span class='ocrx_word' id='word_1_75' title='bbox 719 1347 780 1411; x_wconf 86' lang='lat' dir='ltr'><strong>fuit</strong></span> <span class='ocrx_word' id='word_1_76' title='bbox 804 1352 879 1410; x_wconf 90' lang='lat' dir='ltr'><strong>ante</strong></span> <span class='ocrx_word' id='word_1_77' title='bbox 902 1347 947 1411; x_wconf 94' lang='grc' dir='ltr'><strong>Ιο.</strong></span> <span class='ocrx_word' id='word_1_78' title='bbox 965 1346 1120 1411; x_wconf 87' lang='lat' dir='ltr'><strong>Iacobum</strong></span> <span class='ocrx_word' id='word_1_79' title='bbox 1144 1345 1355 1438; x_wconf 63' lang='lat' dir='ltr'><strong>Barthslemp,</strong></span> <span class='ocrx_word' id='word_1_80' title='bbox 1374 1346 1436 1408; x_wconf 82' lang='lat' dir='ltr'><strong>cuius</strong></span> 
     </span>
    </p>
   </div>
   <div class='ocr_carea' id='block_1_3' title="bbox 332 1451 1437 1646">
    <p class='ocr_par' dir='ltr' id='par_1_4' title="bbox 332 1451 1437 1646">
     <span class='ocr_line' id='line_1_11' title="bbox 332 1451 1437 1536; baseline -0.005 -20"><span class='ocrx_word' id='word_1_81' title='bbox 332 1453 412 1517; x_wconf 90' lang='lat' dir='ltr'><strong>haec</strong></span> <span class='ocrx_word' id='word_1_82' title='bbox 435 1454 534 1517; x_wconf 86' lang='lat' dir='ltr'><strong>verba</strong></span> <span class='ocrx_word' id='word_1_83' title='bbox 558 1476 726 1536; x_wconf 81' lang='lat' dir='ltr'><strong>excerpere</strong></span> <span class='ocrx_word' id='word_1_84' title='bbox 750 1454 831 1517; x_wconf 90' lang='lat' dir='ltr'><strong>libet</strong></span> <span class='ocrx_word' id='word_1_85' title='bbox 854 1475 871 1516; x_wconf 92' lang='lat' dir='ltr'><strong>e</strong></span> <span class='ocrx_word' id='word_1_86' title='bbox 896 1452 1079 1518; x_wconf 77' lang='lat' dir='ltr'><strong>‘Mc&#39;moires</strong></span> <span class='ocrx_word' id='word_1_87' title='bbox 1107 1453 1146 1517; x_wconf 89' lang='lat' dir='ltr'><strong>de</strong></span> <span class='ocrx_word' id='word_1_88' title='bbox 1169 1453 1278 1518; x_wconf 85' lang='lat' dir='ltr'><strong>l’acad.</strong></span> <span class='ocrx_word' id='word_1_89' title='bbox 1301 1453 1351 1516; x_wconf 67' lang='lat' dir='ltr'><strong>des</strong></span> <span class='ocrx_word' id='word_1_90' title='bbox 1371 1451 1437 1514; x_wconf 85' lang='lat' dir='ltr'><strong>insu.</strong></span> 
     </span>
     <span class='ocr_line' id='line_1_12' title="bbox 333 1556 1436 1646; baseline -0.005 -24"><span class='ocrx_word' id='word_1_91' title='bbox 333 1564 365 1622; x_wconf 88' lang='lat' dir='ltr'><strong>et</strong></span> <span class='ocrx_word' id='word_1_92' title='bbox 388 1560 489 1623; x_wconf 87' lang='lat' dir='ltr'><strong>belles</strong></span> <span class='ocrx_word' id='word_1_93' title='bbox 513 1560 638 1623; x_wconf 86' lang='lat' dir='ltr'><strong>lettres&#39;</strong></span> <span class='ocrx_word' id='word_1_94' title='bbox 662 1565 683 1623; x_wconf 88' lang='lat' dir='ltr'><strong>t.</strong></span> <span class='ocrx_word' id='word_1_95' title='bbox 702 1558 845 1623; x_wconf 87' lang='lat' dir='ltr'>XXVIII</span> <span class='ocrx_word' id='word_1_96' title='bbox 871 1558 912 1646; x_wconf 86' lang='lat' dir='ltr'><strong>(a.</strong></span> <span class='ocrx_word' id='word_1_97' title='bbox 934 1557 1035 1645; x_wconf 77' lang='lat'>1761)</span> <span class='ocrx_word' id='word_1_98' title='bbox 1058 1582 1089 1643; x_wconf 92' lang='lat' dir='ltr'><strong>p.</strong></span> <span class='ocrx_word' id='word_1_99' title='bbox 1108 1559 1183 1643; x_wconf 81' lang='lat'><strong>579,</strong></span> <span class='ocrx_word' id='word_1_100' title='bbox 1206 1561 1321 1624; x_wconf 85' lang='lat' dir='ltr'><strong>iterata</strong></span> <span class='ocrx_word' id='word_1_101' title='bbox 1341 1560 1370 1622; x_wconf 92' lang='lat' dir='ltr'><strong>iu</strong></span> <span class='ocrx_word' id='word_1_102' title='bbox 1386 1556 1436 1618; x_wconf 75' lang='lat' dir='ltr'><strong>‘Io</strong></span> 
     </span>
    </p>
   </div>
   <div class='ocr_carea' id='block_1_4' title="bbox 289 1664 1469 2284">
    <p class='ocr_par' dir='ltr' id='par_1_5' title="bbox 332 1664 1469 2072">
     <span class='ocr_line' id='line_1_13' title="bbox 332 1664 1437 1750; baseline -0.005 -21"><span class='ocrx_word' id='word_1_103' title='bbox 332 1687 415 1750; x_wconf 81' lang='lat' dir='ltr'><strong>page</strong></span> <span class='ocrx_word' id='word_1_104' title='bbox 439 1689 478 1730; x_wconf 92' lang='lat' dir='ltr'><strong>en</strong></span> <span class='ocrx_word' id='word_1_105' title='bbox 502 1665 608 1730; x_wconf 86' lang='lat' dir='ltr'><strong>Italie&#39;</strong></span> <span class='ocrx_word' id='word_1_106' title='bbox 633 1690 663 1749; x_wconf 93' lang='lat' dir='ltr'><strong>p.</strong></span> <span class='ocrx_word' id='word_1_107' title='bbox 680 1667 742 1731; x_wconf 81' lang='lat'><strong>331</strong></span> <span class='ocrx_word' id='word_1_108' title='bbox 769 1667 815 1730; x_wconf 89' lang='lat' dir='ltr'><strong>ed.</strong></span> <span class='ocrx_word' id='word_1_109' title='bbox 840 1691 867 1731; x_wconf 90' lang='lat' dir='ltr'><strong>a.</strong></span> <span class='ocrx_word' id='word_1_110' title='bbox 890 1667 971 1731; x_wconf 89' lang='grc'>1801</span> <span class='ocrx_word' id='word_1_111' title='bbox 998 1667 1049 1730; x_wconf 85' lang='lat' dir='ltr'><strong>vel</strong></span> <span class='ocrx_word' id='word_1_112' title='bbox 1073 1690 1102 1750; x_wconf 88' lang='lat' dir='ltr'><strong>p.</strong></span> <span class='ocrx_word' id='word_1_113' title='bbox 1121 1667 1187 1730; x_wconf 84' lang='lat'><strong>336</strong></span> <span class='ocrx_word' id='word_1_114' title='bbox 1211 1666 1259 1730; x_wconf 88' lang='lat' dir='ltr'><strong>ed.</strong></span> <span class='ocrx_word' id='word_1_115' title='bbox 1281 1688 1307 1729; x_wconf 83' lang='lat' dir='ltr'><strong>a</strong></span> <span class='ocrx_word' id='word_1_116' title='bbox 1323 1665 1402 1742; x_wconf 72' lang='lat'>1802,</span> <span class='ocrx_word' id='word_1_117' title='bbox 1418 1664 1437 1724; x_wconf 89' lang='lat' dir='ltr'><strong>in</strong></span> 
     </span>
     <span class='ocr_line' id='line_1_14' title="bbox 332 1769 1437 1856; baseline -0.006 -19"><span class='ocrx_word' id='word_1_118' title='bbox 332 1774 460 1838; x_wconf 87' lang='lat' dir='ltr'><strong>brevius</strong></span> <span class='ocrx_word' id='word_1_119' title='bbox 485 1777 651 1838; x_wconf 85' lang='lat' dir='ltr'><strong>contracta</strong></span> <span class='ocrx_word' id='word_1_120' title='bbox 666 1773 808 1856; x_wconf 89' lang='lat' dir='ltr'><strong>Operum</strong></span> <span class='ocrx_word' id='word_1_121' title='bbox 827 1779 849 1837; x_wconf 90' lang='lat' dir='ltr'><strong>t.</strong></span> <span class='ocrx_word' id='word_1_122' title='bbox 864 1773 922 1856; x_wconf 84' lang='lat'><em>111,</em></span> <span class='ocrx_word' id='word_1_123' title='bbox 942 1775 963 1837; x_wconf 77' lang='lat'><strong>2</strong></span> <span class='ocrx_word' id='word_1_124' title='bbox 985 1796 1015 1856; x_wconf 92' lang='lat' dir='ltr'><strong>p.</strong></span> <span class='ocrx_word' id='word_1_125' title='bbox 1030 1773 1096 1837; x_wconf 81' lang='lat'><strong>465</strong></span> <span class='ocrx_word' id='word_1_126' title='bbox 1120 1773 1166 1838; x_wconf 86' lang='lat' dir='ltr'><strong>cd.</strong></span> <span class='ocrx_word' id='word_1_127' title='bbox 1187 1774 1329 1837; x_wconf 76' lang='lat' dir='ltr'><strong>a1821:</strong></span> <span class='ocrx_word' id='word_1_128' title='bbox 1350 1769 1437 1832; x_wconf 72' lang='lat' dir='ltr'><strong>‘Deme</strong></span> 
     </span>
     <span class='ocr_line' id='line_1_15' title="bbox 333 1876 1438 1966; baseline -0.008 -22"><span class='ocrx_word' id='word_1_129' title='bbox 333 1881 481 1963; x_wconf 89' lang='lat' dir='ltr'><strong>opinions</strong></span> <span class='ocrx_word' id='word_1_130' title='bbox 505 1878 726 1965; x_wconf 73' lang='lat' dir='ltr'><strong>differentes*)</strong></span> <span class='ocrx_word' id='word_1_131' title='bbox 758 1882 847 1944; x_wconf 84' lang='lat' dir='ltr'><strong>n&#39;out</strong></span> <span class='ocrx_word' id='word_1_132' title='bbox 870 1888 914 1962; x_wconf 79' lang='lat' dir='ltr'><strong>pss</strong></span> <span class='ocrx_word' id='word_1_133' title='bbox 937 1881 1017 1944; x_wconf 86' lang='lat' dir='ltr'><strong>lixer</strong></span> <span class='ocrx_word' id='word_1_134' title='bbox 1040 1901 1155 1944; x_wconf 81' lang='lat' dir='ltr'><strong>encore</strong></span> <span class='ocrx_word' id='word_1_135' title='bbox 1178 1880 1212 1944; x_wconf 89' lang='lat' dir='ltr'><strong>la</strong></span> <span class='ocrx_word' id='word_1_136' title='bbox 1234 1880 1327 1966; x_wconf 80' lang='lat' dir='ltr'><strong>faqon</strong></span> <span class='ocrx_word' id='word_1_137' title='bbox 1352 1876 1383 1940; x_wconf 88' lang='lat' dir='ltr'><strong>de</strong></span> <span class='ocrx_word' id='word_1_138' title='bbox 1401 1877 1438 1938; x_wconf 80' lang='lat' dir='ltr'><strong>bu</strong></span> 
     </span>
     <span class='ocr_line' id='line_1_16' title="bbox 333 1984 1469 2072; baseline 0.002 -24"><span class='ocrx_word' id='word_1_139' title='bbox 333 2010 393 2049; x_wconf 91' lang='lat' dir='ltr'><strong>une</strong></span> <span class='ocrx_word' id='word_1_140' title='bbox 417 1989 606 2072; x_wconf 86' lang='lat' dir='ltr'><strong>inscription</strong></span> <span class='ocrx_word' id='word_1_141' title='bbox 627 1990 734 2051; x_wconf 73' lang='lat' dir='ltr'><strong>traces</strong></span> <span class='ocrx_word' id='word_1_142' title='bbox 754 2010 809 2051; x_wconf 90' lang='lat' dir='ltr'><strong>sur</strong></span> <span class='ocrx_word' id='word_1_143' title='bbox 827 1987 860 2051; x_wconf 89' lang='lat' dir='ltr'><strong>la</strong></span> <span class='ocrx_word' id='word_1_144' title='bbox 879 1987 956 2052; x_wconf 88' lang='lat' dir='ltr'><strong>frise</strong></span> <span class='ocrx_word' id='word_1_145' title='bbox 974 1988 1017 2052; x_wconf 93' lang='lat' dir='ltr'><strong>du</strong></span> <span class='ocrx_word' id='word_1_146' title='bbox 1036 1988 1212 2070; x_wconf 69' lang='lat' dir='ltr'><strong>mausoleis,</strong></span> <span class='ocrx_word' id='word_1_147' title='bbox 1232 2008 1325 2070; x_wconf 87' lang='lat' dir='ltr'><strong>parce</strong></span> <span class='ocrx_word' id='word_1_148' title='bbox 1342 1984 1438 2068; x_wconf 79' lang='lat' dir='ltr'><strong>qu&#39;ellu</strong></span> <span class='ocrx_word' id='word_1_149' title='bbox 1468 2039 1469 2050; x_wconf 70' lang='lat'><strong>.</strong></span> 
     </span>
    </p>

    <p class='ocr_par' dir='ltr' id='par_1_6' title="bbox 289 2091 1439 2284">
     <span class='ocr_line' id='line_1_17' title="bbox 289 2091 1439 2177; baseline -0.004 -22"><span class='ocrx_word' id='word_1_150' title='bbox 289 2094 454 2157; x_wconf 76' lang='lat' dir='ltr'><strong>vnetoient</strong></span> <span class='ocrx_word' id='word_1_151' title='bbox 476 2099 584 2158; x_wconf 88' lang='lat' dir='ltr'><strong>toutes</strong></span> <span class='ocrx_word' id='word_1_152' title='bbox 607 2095 741 2158; x_wconf 81' lang='lat' dir='ltr'><strong>fondc&#39;es</strong></span> <span class='ocrx_word' id='word_1_153' title='bbox 765 2116 819 2158; x_wconf 91' lang='lat' dir='ltr'><strong>sur</strong></span> <span class='ocrx_word' id='word_1_154' title='bbox 843 2094 890 2158; x_wconf 88' lang='lat' dir='ltr'><strong>les</strong></span> <span class='ocrx_word' id='word_1_155' title='bbox 910 2094 1018 2177; x_wconf 90' lang='lat' dir='ltr'><strong>copies</strong></span> <span class='ocrx_word' id='word_1_156' title='bbox 1037 2093 1182 2157; x_wconf 87' lang='lat' dir='ltr'><strong>infideles</strong></span> <span class='ocrx_word' id='word_1_157' title='bbox 1202 2091 1297 2176; x_wconf 81' lang='lat' dir='ltr'><strong>qu&#39;on</strong></span> <span class='ocrx_word' id='word_1_158' title='bbox 1315 2115 1350 2156; x_wconf 83' lang='lat' dir='ltr'><strong>eu</strong></span> <span class='ocrx_word' id='word_1_159' title='bbox 1368 2091 1439 2154; x_wconf 76' lang='lat' dir='ltr'><strong>avoir:</strong></span> 
     </span>
     <span class='ocr_line' id='line_1_18' title="bbox 333 2199 1164 2284; baseline 0 -21"><span class='ocrx_word' id='word_1_160' title='bbox 333 2200 417 2263; x_wconf 89' lang='lat' dir='ltr'><strong>voioi</strong></span> <span class='ocrx_word' id='word_1_161' title='bbox 441 2202 473 2263; x_wconf 89' lang='lat' dir='ltr'><strong>la</strong></span> <span class='ocrx_word' id='word_1_162' title='bbox 495 2202 668 2283; x_wconf 76' lang='lat' dir='ltr'><strong>treizicme,</strong></span> <span class='ocrx_word' id='word_1_163' title='bbox 692 2205 725 2265; x_wconf 91' lang='lat' dir='ltr'><strong>et</strong></span> <span class='ocrx_word' id='word_1_164' title='bbox 744 2201 825 2283; x_wconf 75' lang='lat' dir='ltr'><strong>J’ose</strong></span> <span class='ocrx_word' id='word_1_165' title='bbox 849 2199 917 2263; x_wconf 88' lang='lat' dir='ltr'><strong>dire</strong></span> <span class='ocrx_word' id='word_1_166' title='bbox 942 2200 975 2263; x_wconf 90' lang='lat' dir='ltr'><strong>la</strong></span> <span class='ocrx_word' id='word_1_167' title='bbox 997 2201 1164 2284; x_wconf 69' lang='lat' dir='ltr'><strong>veritable,</strong></span> 
     </span>
    </p>
   </div>
   <div class='ocr_carea' id='block_1_5' title="bbox 440 2358 1467 2434">
    <p class='ocr_par' dir='ltr' id='par_1_7' title="bbox 440 2358 1467 2434">
     <span class='ocr_line' id='line_1_19' title="bbox 440 2358 1467 2434; baseline 0 -11"><span class='ocrx_word' id='word_1_168' title='bbox 440 2358 1365 2426; x_wconf 63' lang='lat' dir='ltr'><strong>sunum-Nmcapessiturum-svam</strong></span> <span class='ocrx_word' id='word_1_169' title='bbox 1466 2427 1467 2434; x_wconf 9' lang='grc' dir='ltr'>χ</span> 
     </span>
    </p>
   </div>
   <div class='ocr_carea' id='block_1_6' title="bbox 325 2519 1468 3033">
    <p class='ocr_par' dir='ltr' id='par_1_8' title="bbox 325 2519 1468 3033">
     <span class='ocr_line' id='line_1_20' title="bbox 332 2519 1468 2608; baseline -0.007 -26"><span class='ocrx_word' id='word_1_170' title='bbox 332 2519 450 2602; x_wconf 73' lang='lat' dir='ltr'><strong>Sectam,</strong></span> <span class='ocrx_word' id='word_1_171' title='bbox 474 2521 599 2604; x_wconf 74' lang='lat' dir='ltr'><strong>erce&#39;rm,</strong></span> <span class='ocrx_word' id='word_1_172' title='bbox 622 2523 762 2603; x_wconf 76' lang='lat' dir='ltr'><strong>Illorum,</strong></span> <span class='ocrx_word' id='word_1_173' title='bbox 786 2527 852 2586; x_wconf 84' lang='lat' dir='ltr'><strong>tous</strong></span> <span class='ocrx_word' id='word_1_174' title='bbox 875 2523 950 2586; x_wconf 81' lang='lat' dir='ltr'><strong>trois</strong></span> <span class='ocrx_word' id='word_1_175' title='bbox 971 2523 1023 2603; x_wconf 78' lang='lat' dir='ltr'><strong>fils</strong></span> <span class='ocrx_word' id='word_1_176' title='bbox 1045 2523 1081 2585; x_wconf 84' lang='lat' dir='ltr'><strong>de</strong></span> <span class='ocrx_word' id='word_1_177' title='bbox 1099 2520 1196 2586; x_wconf 79' lang='lat' dir='ltr'><strong>Caius</strong></span> <span class='ocrx_word' id='word_1_178' title='bbox 1213 2521 1331 2596; x_wconf 72' lang='lat' dir='ltr'><strong>erius¹</strong></span> <span class='ocrx_word' id='word_1_179' title='bbox 1351 2521 1368 2581; x_wconf 82' lang='lat' dir='ltr'><strong>ri</strong></span> <span class='ocrx_word' id='word_1_180' title='bbox 1387 2519 1438 2580; x_wconf 66' lang='lat' dir='ltr'><strong>laris</strong></span> <span class='ocrx_word' id='word_1_181' title='bbox 1466 2585 1468 2608; x_wconf 23' lang='lat'><strong>¹</strong></span> 
     </span>
     <span class='ocr_line' id='line_1_21' title="bbox 325 2625 1435 2712; baseline -0.002 -23"><span class='ocrx_word' id='word_1_182' title='bbox 325 2626 462 2707; x_wconf 68' lang='lat' dir='ltr'><strong>parens?</strong></span> <span class='ocrx_word' id='word_1_183' title='bbox 499 2627 567 2692; x_wconf 87' lang='lat' dir='ltr'><strong>Nee</strong></span> <span class='ocrx_word' id='word_1_184' title='bbox 590 2629 766 2712; x_wconf 87' lang='lat' dir='ltr'><strong>recipiendi</strong></span> <span class='ocrx_word' id='word_1_185' title='bbox 790 2630 879 2693; x_wconf 90' lang='lat' dir='ltr'><strong>tituli</strong></span> <span class='ocrx_word' id='word_1_186' title='bbox 903 2628 1003 2693; x_wconf 86' lang='lat' dir='ltr'><strong>aliam</strong></span> <span class='ocrx_word' id='word_1_187' title='bbox 1026 2650 1173 2692; x_wconf 84' lang='lat' dir='ltr'><strong>caussam</strong></span> <span class='ocrx_word' id='word_1_188' title='bbox 1199 2627 1338 2693; x_wconf 89' lang='lat' dir='ltr'><strong>Orellius</strong></span> <span class='ocrx_word' id='word_1_189' title='bbox 1359 2625 1435 2690; x_wconf 52' lang='lat' dir='ltr'><strong>sabb</strong></span> 
     </span>
     <span class='ocr_line' id='line_1_22' title="bbox 331 2732 1438 2819; baseline 0.002 -25"><span class='ocrx_word' id='word_1_190' title='bbox 331 2732 460 2816; x_wconf 84' lang='lat' dir='ltr'><strong>habuit,</strong></span> <span class='ocrx_word' id='word_1_191' title='bbox 493 2736 553 2798; x_wconf 89' lang='lat' dir='ltr'><strong>nisi</strong></span> <span class='ocrx_word' id='word_1_192' title='bbox 583 2735 671 2819; x_wconf 88' lang='lat' dir='ltr'><strong>‘quia</strong></span> <span class='ocrx_word' id='word_1_193' title='bbox 699 2738 784 2800; x_wconf 84' lang='lat' dir='ltr'><strong>inter</strong></span> <span class='ocrx_word' id='word_1_194' title='bbox 812 2737 956 2801; x_wconf 90' lang='lat' dir='ltr'><strong>eruditos</strong></span> <span class='ocrx_word' id='word_1_195' title='bbox 985 2736 1097 2801; x_wconf 90' lang='lat' dir='ltr'><strong>Gallos</strong></span> <span class='ocrx_word' id='word_1_196' title='bbox 1130 2736 1314 2800; x_wconf 84' lang='lat' dir='ltr'><strong>celebratur</strong></span> <span class='ocrx_word' id='word_1_197' title='bbox 1341 2741 1438 2819; x_wconf 70' lang='lat' dir='ltr'><strong>propter</strong></span> 
     </span>
     <span class='ocr_line' id='line_1_23' title="bbox 331 2841 1437 2927; baseline -0.003 -24"><span class='ocrx_word' id='word_1_198' title='bbox 331 2841 497 2904; x_wconf 89' lang='lat' dir='ltr'><strong>duodecim</strong></span> <span class='ocrx_word' id='word_1_199' title='bbox 532 2843 702 2907; x_wconf 90' lang='lat' dir='ltr'><strong>minimum</strong></span> <span class='ocrx_word' id='word_1_200' title='bbox 731 2844 1014 2926; x_wconf 79' lang='lat' dir='ltr'><strong>interpretationes</strong></span> <span class='ocrx_word' id='word_1_201' title='bbox 1042 2844 1185 2907; x_wconf 87' lang='lat' dir='ltr'><strong>diversas</strong></span> <span class='ocrx_word' id='word_1_202' title='bbox 1217 2865 1297 2927; x_wconf 88' lang='lat' dir='ltr'><strong>quas</strong></span> <span class='ocrx_word' id='word_1_203' title='bbox 1326 2843 1437 2922; x_wconf 58' lang='lat' dir='ltr'><strong>experto*</strong></span> 
     </span>
     <span class='ocr_line' id='line_1_24' title="bbox 331 2946 1436 3033; baseline 0 -25"><span class='ocrx_word' id='word_1_204' title='bbox 331 2946 401 3010; x_wconf 85' lang='lat' dir='ltr'><strong>est&#39;</strong></span> <span class='ocrx_word' id='word_1_205' title='bbox 448 2946 597 3012; x_wconf 84' lang='lat' dir='ltr'><strong>Ceterum</strong></span> <span class='ocrx_word' id='word_1_206' title='bbox 626 2949 658 3012; x_wconf 89' lang='lat' dir='ltr'><strong>in</strong></span> <span class='ocrx_word' id='word_1_207' title='bbox 683 2949 953 3032; x_wconf 85' lang='lat' dir='ltr'><strong>repraesentanda</strong></span> <span class='ocrx_word' id='word_1_208' title='bbox 980 2950 1192 3033; x_wconf 89' lang='lat' dir='ltr'><strong>inscriptione</strong></span> <span class='ocrx_word' id='word_1_209' title='bbox 1216 2948 1353 3012; x_wconf 88' lang='lat' dir='ltr'><strong>Orellius</strong></span> <span class='ocrx_word' id='word_1_210' title='bbox 1379 2953 1436 3009; x_wconf 84' lang='lat' dir='ltr'><strong>tolu-</strong></span> 
     </span>
    </p>
   </div>
   <div class='ocr_carea' id='block_1_7' title="bbox 327 3212 1462 4515">
    <p class='ocr_par' dir='ltr' id='par_1_9' title="bbox 327 3212 1462 4515">
     <span class='ocr_line' id='line_1_25' title="bbox 420 3212 1436 3282; baseline -0.004 -16"><span class='ocrx_word' id='word_1_211' title='bbox 420 3215 446 3280; x_wconf 82' lang='grc'><strong>*)</strong></span> <span class='ocrx_word' id='word_1_212' title='bbox 466 3215 554 3268; x_wconf 87' lang='lat' dir='ltr'><strong>Nemo</strong></span> <span class='ocrx_word' id='word_1_213' title='bbox 583 3215 732 3270; x_wconf 90' lang='lat' dir='ltr'><strong>iocularius</strong></span> <span class='ocrx_word' id='word_1_214' title='bbox 760 3213 902 3268; x_wconf 80' lang='lat' dir='ltr'><strong>Morcauio</strong></span> <span class='ocrx_word' id='word_1_215' title='bbox 935 3214 952 3268; x_wconf 89' lang='lat' dir='ltr'><strong>l.</strong></span> <span class='ocrx_word' id='word_1_216' title='bbox 978 3232 998 3267; x_wconf 88' lang='lat' dir='ltr'><strong>s.</strong></span> <span class='ocrx_word' id='word_1_217' title='bbox 1024 3233 1044 3268; x_wconf 88' lang='lat' dir='ltr'><strong>s.</strong></span> <span class='ocrx_word' id='word_1_218' title='bbox 1075 3213 1124 3282; x_wconf 90' lang='lat' dir='ltr'><strong>qui</strong></span> <span class='ocrx_word' id='word_1_219' title='bbox 1157 3214 1197 3267; x_wconf 91' lang='lat' dir='ltr'><strong>sic</strong></span> <span class='ocrx_word' id='word_1_220' title='bbox 1225 3212 1436 3282; x_wconf 72' lang='lat' dir='ltr'><strong>interpretemur·</strong></span> 
     </span>
     <span class='ocr_line' id='line_1_26' title="bbox 332 3297 1435 3370; baseline 0.001 -16"><span class='ocrx_word' id='word_1_221' title='bbox 332 3301 441 3370; x_wconf 83' lang='lat' dir='ltr'><strong>[Caius]</strong></span> <span class='ocrx_word' id='word_1_222' title='bbox 460 3304 572 3357; x_wconf 76' lang='lat' dir='ltr'><strong>Sentias</strong></span> <span class='ocrx_word' id='word_1_223' title='bbox 590 3305 703 3369; x_wconf 77' lang='lat' dir='ltr'><strong>Lucius,</strong></span> <span class='ocrx_word' id='word_1_224' title='bbox 724 3305 850 3357; x_wconf 81' lang='lat' dir='ltr'><strong>Maritus</strong></span> <span class='ocrx_word' id='word_1_225' title='bbox 865 3303 982 3370; x_wconf 71' lang='lat' dir='ltr'><strong>Iulito)e</strong></span> <span class='ocrx_word' id='word_1_226' title='bbox 1003 3302 1247 3369; x_wconf 80' lang='lat' dir='ltr'><strong>Jucomporobr&#39;lis,</strong></span> <span class='ocrx_word' id='word_1_227' title='bbox 1267 3297 1435 3356; x_wconf 64' lang='grc'>0111111111·</span> 
     </span>
     <span class='ocr_line' id='line_1_27' title="bbox 333 3383 1435 3460; baseline -0.004 -19"><span class='ocrx_word' id='word_1_228' title='bbox 333 3389 499 3444; x_wconf 77' lang='lat' dir='ltr'><strong>Parentibus</strong></span> <span class='ocrx_word' id='word_1_229' title='bbox 518 3391 590 3445; x_wconf 81' lang='lat' dir='ltr'><strong>Suis.</strong></span> <span class='ocrx_word' id='word_1_230' title='bbox 626 3393 685 3455; x_wconf 83' lang='lat' dir='ltr'><strong>Quo</strong></span> <span class='ocrx_word' id='word_1_231' title='bbox 705 3392 799 3460; x_wconf 88' lang='lat' dir='ltr'><strong>paullo</strong></span> <span class='ocrx_word' id='word_1_232' title='bbox 819 3391 919 3443; x_wconf 81' lang='lat' dir='ltr'><strong>saltem</strong></span> <span class='ocrx_word' id='word_1_233' title='bbox 939 3389 1031 3443; x_wconf 85' lang='lat' dir='ltr'><strong>sanius</strong></span> <span class='ocrx_word' id='word_1_234' title='bbox 1047 3387 1214 3443; x_wconf 82' lang='lat' dir='ltr'><strong>Labordius:</strong></span> <span class='ocrx_word' id='word_1_235' title='bbox 1236 3389 1335 3443; x_wconf 67' lang='lat' dir='ltr'><strong>Scatrae</strong></span> <span class='ocrx_word' id='word_1_236' title='bbox 1351 3393 1371 3440; x_wconf 81' lang='lat' dir='ltr'><strong>ct</strong></span> <span class='ocrx_word' id='word_1_237' title='bbox 1385 3383 1435 3437; x_wconf 81' lang='lat' dir='ltr'><strong>llo·</strong></span> 
     </span>
     <span class='ocr_line' id='line_1_28' title="bbox 331 3477 1434 3548; baseline -0.003 -19"><span class='ocrx_word' id='word_1_238' title='bbox 331 3494 378 3530; x_wconf 82' lang='lat' dir='ltr'><strong>cus</strong></span> <span class='ocrx_word' id='word_1_239' title='bbox 393 3479 465 3531; x_wconf 79' lang='lat' dir='ltr'><strong>Iulii</strong></span> <span class='ocrx_word' id='word_1_240' title='bbox 484 3486 648 3532; x_wconf 73' lang='lat' dir='ltr'><strong>curaverunt</strong></span> <span class='ocrx_word' id='word_1_241' title='bbox 667 3481 824 3546; x_wconf 63' lang='lat' dir='ltr'><strong>pomaretum</strong></span> <span class='ocrx_word' id='word_1_242' title='bbox 838 3479 1003 3547; x_wconf 77' lang='lat' dir='ltr'><strong>pareatibus</strong></span> <span class='ocrx_word' id='word_1_243' title='bbox 1021 3480 1092 3531; x_wconf 75' lang='lat' dir='ltr'><strong>seris:</strong></span> <span class='ocrx_word' id='word_1_244' title='bbox 1112 3496 1197 3546; x_wconf 88' lang='lat' dir='ltr'><strong>quam</strong></span> <span class='ocrx_word' id='word_1_245' title='bbox 1213 3477 1434 3548; x_wconf 69' lang='lat' dir='ltr'><strong>interpretamus:</strong></span> 
     </span>
     <span class='ocr_line' id='line_1_29' title="bbox 330 3563 1429 3634; baseline -0.005 -14"><span class='ocrx_word' id='word_1_246' title='bbox 330 3567 459 3621; x_wconf 88' lang='lat' dir='ltr'><strong>nimirum</strong></span> <span class='ocrx_word' id='word_1_247' title='bbox 486 3570 647 3624; x_wconf 85' lang='lat' dir='ltr'><strong>emendavit</strong></span> <span class='ocrx_word' id='word_1_248' title='bbox 674 3569 841 3623; x_wconf 86' lang='lat' dir='ltr'><strong>blerimaeus</strong></span> <span class='ocrx_word' id='word_1_249' title='bbox 874 3567 1032 3622; x_wconf 83' lang='lat' dir='ltr'><strong>substitutis</strong></span> <span class='ocrx_word' id='word_1_250' title='bbox 1064 3573 1231 3622; x_wconf 62' lang='lat' dir='ltr'><strong>coronarent</strong></span> <span class='ocrx_word' id='word_1_251' title='bbox 1259 3569 1320 3634; x_wconf 81' lang='lat' dir='ltr'><strong>fieri</strong></span> <span class='ocrx_word' id='word_1_252' title='bbox 1348 3563 1429 3619; x_wconf 70' lang='lat' dir='ltr'><strong>vocius</strong></span> 
     </span>
     <span class='ocr_line' id='line_1_30' title="bbox 331 3654 1429 3726; baseline -0.002 -18"><span class='ocrx_word' id='word_1_253' title='bbox 331 3654 504 3724; x_wconf 81' lang='lat' dir='ltr'><strong>Quamquam</strong></span> <span class='ocrx_word' id='word_1_254' title='bbox 526 3658 592 3725; x_wconf 87' lang='lat' dir='ltr'><strong>quid</strong></span> <span class='ocrx_word' id='word_1_255' title='bbox 611 3659 661 3711; x_wconf 85' lang='lat' dir='ltr'><strong>hos</strong></span> <span class='ocrx_word' id='word_1_256' title='bbox 681 3657 853 3726; x_wconf 86' lang='lat' dir='ltr'><strong>mirabimur,</strong></span> <span class='ocrx_word' id='word_1_257' title='bbox 873 3656 895 3710; x_wconf 86' lang='lat' dir='ltr'><strong>si</strong></span> <span class='ocrx_word' id='word_1_258' title='bbox 914 3657 959 3711; x_wconf 89' lang='lat' dir='ltr'><strong>vel</strong></span> <span class='ocrx_word' id='word_1_259' title='bbox 974 3656 1098 3710; x_wconf 87' lang='lat' dir='ltr'><strong>Milliuus</strong></span> <span class='ocrx_word' id='word_1_260' title='bbox 1116 3657 1208 3711; x_wconf 83' lang='lat' dir='ltr'><strong>facere</strong></span> <span class='ocrx_word' id='word_1_261' title='bbox 1228 3674 1282 3712; x_wconf 90' lang='lat' dir='ltr'><strong>noo</strong></span> <span class='ocrx_word' id='word_1_262' title='bbox 1302 3655 1381 3726; x_wconf 87' lang='lat' dir='ltr'><strong>potuit</strong></span> <span class='ocrx_word' id='word_1_263' title='bbox 1393 3663 1429 3716; x_wconf 72' lang='lat' dir='ltr'><strong>qu·</strong></span> 
     </span>
     <span class='ocr_line' id='line_1_31' title="bbox 328 3741 1432 3815; baseline -0.003 -18"><span class='ocrx_word' id='word_1_264' title='bbox 328 3745 517 3815; x_wconf 85' lang='lat' dir='ltr'><strong>Barthelemyi</strong></span> <span class='ocrx_word' id='word_1_265' title='bbox 545 3746 768 3814; x_wconf 85' lang='lat' dir='ltr'><strong>interpretationi</strong></span> <span class='ocrx_word' id='word_1_266' title='bbox 795 3746 865 3800; x_wconf 88' lang='lat' dir='ltr'><strong>hanc</strong></span> <span class='ocrx_word' id='word_1_267' title='bbox 890 3745 1066 3799; x_wconf 77' lang='lat' dir='ltr'><strong>Pisonianam</strong></span> <span class='ocrx_word' id='word_1_268' title='bbox 1096 3747 1250 3814; x_wconf 84' lang='lat' dir='ltr'><strong>opponeret</strong></span> <span class='ocrx_word' id='word_1_269' title='bbox 1277 3749 1309 3799; x_wconf 88' lang='lat' dir='ltr'><strong>ut</strong></span> <span class='ocrx_word' id='word_1_270' title='bbox 1334 3741 1432 3796; x_wconf 61' lang='lat' dir='ltr'><strong>diruas</strong></span> 
     </span>
     <span class='ocr_line' id='line_1_32' title="bbox 328 3829 1407 3902; baseline -0.004 -16"><span class='ocrx_word' id='word_1_271' title='bbox 328 3852 353 3902; x_wconf 87' lang='lat' dir='ltr'><strong>p.</strong></span> <span class='ocrx_word' id='word_1_272' title='bbox 369 3841 434 3888; x_wconf 80' lang='lat'><strong>398:</strong></span> <span class='ocrx_word' id='word_1_273' title='bbox 461 3836 525 3888; x_wconf 80' lang='lat' dir='ltr'><strong>‘Les</strong></span> <span class='ocrx_word' id='word_1_274' title='bbox 544 3836 668 3900; x_wconf 72' lang='lat' dir='ltr'><strong>Jubms,</strong></span> <span class='ocrx_word' id='word_1_275' title='bbox 694 3836 806 3901; x_wconf 66' lang='lat' dir='ltr'><strong>Sextus,</strong></span> <span class='ocrx_word' id='word_1_276' title='bbox 825 3835 931 3889; x_wconf 81' lang='lat' dir='ltr'><strong>Lucius</strong></span> <span class='ocrx_word' id='word_1_277' title='bbox 949 3839 974 3888; x_wconf 81' lang='lat' dir='ltr'><strong>et</strong></span> <span class='ocrx_word' id='word_1_278' title='bbox 994 3835 1125 3898; x_wconf 75' lang='lat' dir='ltr'><strong>Morcus,</strong></span> <span class='ocrx_word' id='word_1_279' title='bbox 1150 3835 1194 3900; x_wconf 69' lang='lat' dir='ltr'><strong>fils</strong></span> <span class='ocrx_word' id='word_1_280' title='bbox 1212 3835 1246 3888; x_wconf 81' lang='lat' dir='ltr'><strong>dc</strong></span> <span class='ocrx_word' id='word_1_281' title='bbox 1264 3835 1347 3887; x_wconf 74' lang='lat' dir='ltr'><strong>Cotus</strong></span> <span class='ocrx_word' id='word_1_282' title='bbox 1362 3829 1407 3882; x_wconf 78' lang='lat' dir='ltr'><strong>det</strong></span> 
     </span>
     <span class='ocr_line' id='line_1_33' title="bbox 329 3915 1422 3993; baseline 0 -21"><span class='ocrx_word' id='word_1_283' title='bbox 329 3923 345 3973; x_wconf 77' lang='grc'><strong>11</strong></span> <span class='ocrx_word' id='word_1_284' title='bbox 365 3925 435 3978; x_wconf 74' lang='lat' dir='ltr'><strong>leners</strong></span> <span class='ocrx_word' id='word_1_285' title='bbox 450 3926 564 3993; x_wconf 73' lang='lat' dir='ltr'><strong>poreus‘</strong></span> <span class='ocrx_word' id='word_1_286' title='bbox 590 3925 643 3979; x_wconf 88' lang='lat' dir='ltr'><strong>hoc</strong></span> <span class='ocrx_word' id='word_1_287' title='bbox 663 3925 775 3993; x_wconf 88' lang='lat' dir='ltr'><strong>quidem</strong></span> <span class='ocrx_word' id='word_1_288' title='bbox 795 3924 899 3980; x_wconf 89' lang='lat' dir='ltr'><strong>iudicio</strong></span> <span class='ocrx_word' id='word_1_289' title='bbox 919 3923 1045 3978; x_wconf 85' lang='lat' dir='ltr'><strong>subiecto</strong></span> <span class='ocrx_word' id='word_1_290' title='bbox 1069 3923 1110 3977; x_wconf 81' lang='lat' dir='ltr'><strong>‘lo</strong></span> <span class='ocrx_word' id='word_1_291' title='bbox 1134 3925 1265 3978; x_wconf 87' lang='lat' dir='ltr'><strong>tournure</strong></span> <span class='ocrx_word' id='word_1_292' title='bbox 1293 3919 1367 3976; x_wconf 85' lang='lat' dir='ltr'><strong>seroit</strong></span> <span class='ocrx_word' id='word_1_293' title='bbox 1384 3915 1422 3968; x_wconf 54' lang='lat' dir='ltr'><strong>td</strong></span> 
     </span>
     <span class='ocr_line' id='line_1_34' title="bbox 328 4007 1429 4082; baseline -0.006 -18"><span class='ocrx_word' id='word_1_294' title='bbox 328 4016 414 4079; x_wconf 85' lang='lat' dir='ltr'><strong>rente,</strong></span> <span class='ocrx_word' id='word_1_295' title='bbox 434 4014 504 4067; x_wconf 87' lang='lat' dir='ltr'><strong>mais</strong></span> <span class='ocrx_word' id='word_1_296' title='bbox 524 4014 549 4068; x_wconf 88' lang='lat' dir='ltr'><strong>le</strong></span> <span class='ocrx_word' id='word_1_297' title='bbox 569 4033 631 4067; x_wconf 87' lang='lat' dir='ltr'><strong>sens</strong></span> <span class='ocrx_word' id='word_1_298' title='bbox 651 4018 694 4067; x_wconf 86' lang='lat' dir='ltr'><strong>est</strong></span> <span class='ocrx_word' id='word_1_299' title='bbox 712 4015 738 4068; x_wconf 87' lang='lat' dir='ltr'><strong>le</strong></span> <span class='ocrx_word' id='word_1_300' title='bbox 758 4015 868 4068; x_wconf 57' lang='lat' dir='ltr'><strong>me&#39;me?</strong></span> <span class='ocrx_word' id='word_1_301' title='bbox 903 4015 934 4067; x_wconf 92' lang='lat' dir='ltr'><strong>ln</strong></span> <span class='ocrx_word' id='word_1_302' title='bbox 953 4013 1072 4082; x_wconf 85' lang='lat' dir='ltr'><strong>legendo</strong></span> <span class='ocrx_word' id='word_1_303' title='bbox 1091 4014 1187 4066; x_wconf 71' lang='lat' dir='ltr'><strong>sutem</strong></span> <span class='ocrx_word' id='word_1_304' title='bbox 1205 4007 1429 4068; x_wconf 60' lang='lat' dir='ltr'><strong>transcribendum</strong></span> 
     </span>
     <span class='ocr_line' id='line_1_35' title="bbox 327 4097 1430 4188; baseline -0.003 -35"><span class='ocrx_word' id='word_1_305' title='bbox 327 4102 410 4155; x_wconf 90' lang='lat' dir='ltr'><strong>titulo</strong></span> <span class='ocrx_word' id='word_1_306' title='bbox 436 4121 498 4156; x_wconf 90' lang='lat' dir='ltr'><strong>eum</strong></span> <span class='ocrx_word' id='word_1_307' title='bbox 522 4103 578 4156; x_wconf 88' lang='lat' dir='ltr'><strong>iam</strong></span> <span class='ocrx_word' id='word_1_308' title='bbox 601 4104 675 4172; x_wconf 88' lang='lat' dir='ltr'><strong>apud</strong></span> <span class='ocrx_word' id='word_1_309' title='bbox 695 4103 845 4157; x_wconf 88' lang='lat' dir='ltr'><strong>Gruterum</strong></span> <span class='ocrx_word' id='word_1_310' title='bbox 870 4102 912 4156; x_wconf 87' lang='lat' dir='ltr'><strong>bis</strong></span> <span class='ocrx_word' id='word_1_311' title='bbox 935 4103 1080 4171; x_wconf 87' lang='lat' dir='ltr'><strong>peccatum</strong></span> <span class='ocrx_word' id='word_1_312' title='bbox 1106 4103 1179 4154; x_wconf 83' lang='lat' dir='ltr'><strong>esset</strong></span> <span class='ocrx_word' id='word_1_313' title='bbox 1197 4119 1224 4170; x_wconf 90' lang='lat' dir='ltr'><strong>p.</strong></span> <span class='ocrx_word' id='word_1_314' title='bbox 1245 4107 1304 4166; x_wconf 81' lang='grc'>131,</span> <span class='ocrx_word' id='word_1_315' title='bbox 1328 4105 1356 4152; x_wconf 85' lang='grc'><strong>11)</strong></span> <span class='ocrx_word' id='word_1_316' title='bbox 1371 4103 1391 4147; x_wconf 76' lang='lat' dir='ltr'><strong>et</strong></span> <span class='ocrx_word' id='word_1_317' title='bbox 1407 4097 1430 4188; x_wconf 69' lang='lat' dir='ltr'><strong>lp</strong></span> 
     </span>
     <span class='ocr_line' id='line_1_36' title="bbox 327 4183 1423 4259; baseline -0.005 -15"><span class='ocrx_word' id='word_1_318' title='bbox 327 4193 421 4244; x_wconf 81' lang='lat' dir='ltr'><strong>tamen</strong></span> <span class='ocrx_word' id='word_1_319' title='bbox 445 4192 520 4246; x_wconf 88' lang='lat' dir='ltr'><strong>haud</strong></span> <span class='ocrx_word' id='word_1_320' title='bbox 545 4193 602 4246; x_wconf 88' lang='lat' dir='ltr'><strong>scio</strong></span> <span class='ocrx_word' id='word_1_321' title='bbox 627 4192 795 4246; x_wconf 76' lang='lat' dir='ltr'><strong>anteritate</strong></span> <span class='ocrx_word' id='word_1_322' title='bbox 820 4195 925 4246; x_wconf 88' lang='lat' dir='ltr'><strong>ceteros</strong></span> <span class='ocrx_word' id='word_1_323' title='bbox 944 4191 1065 4245; x_wconf 87' lang='lat' dir='ltr'><strong>Graecus</strong></span> <span class='ocrx_word' id='word_1_324' title='bbox 1088 4190 1172 4245; x_wconf 91' lang='lat' dir='ltr'><strong>homo</strong></span> <span class='ocrx_word' id='word_1_325' title='bbox 1193 4191 1332 4259; x_wconf 82' lang='lat' dir='ltr'><strong>Lysander</strong></span> <span class='ocrx_word' id='word_1_326' title='bbox 1352 4183 1423 4238; x_wconf 61' lang='lat' dir='ltr'><strong>unna</strong></span> 
     </span>
     <span class='ocr_line' id='line_1_37' title="bbox 327 4277 1462 4350; baseline -0.001 -19"><span class='ocrx_word' id='word_1_327' title='bbox 327 4279 423 4347; x_wconf 78' lang='lat' dir='ltr'><strong>gioglu</strong></span> <span class='ocrx_word' id='word_1_328' title='bbox 439 4284 485 4347; x_wconf 84' lang='lat' dir='ltr'><strong>(au</strong></span> <span class='ocrx_word' id='word_1_329' title='bbox 500 4281 734 4349; x_wconf 83' lang='lat' dir='ltr'><strong>Kastangioglu?)</strong></span> <span class='ocrx_word' id='word_1_330' title='bbox 755 4281 928 4349; x_wconf 83' lang='lat' dir='ltr'><strong>superaverit</strong></span> <span class='ocrx_word' id='word_1_331' title='bbox 946 4281 999 4334; x_wconf 92' lang='lat' dir='ltr'><strong>hoc</strong></span> <span class='ocrx_word' id='word_1_332' title='bbox 1019 4280 1162 4350; x_wconf 87' lang='lat' dir='ltr'><strong>proposito</strong></span> <span class='ocrx_word' id='word_1_333' title='bbox 1183 4280 1308 4348; x_wconf 84' lang='lat' dir='ltr'><strong>exemplo</strong></span> <span class='ocrx_word' id='word_1_334' title='bbox 1326 4277 1423 4330; x_wconf 65' lang='lat' dir='ltr'><strong>inlus-u</strong></span> <span class='ocrx_word' id='word_1_335' title='bbox 1461 4289 1462 4294; x_wconf 76' lang='grc'>’</span> 
     </span>
     <span class='ocr_line' id='line_1_38' title="bbox 328 4367 1420 4438; baseline -0.004 -20"><span class='ocrx_word' id='word_1_336' title='bbox 328 4367 393 4419; x_wconf 84' lang='lat' dir='ltr'><strong>inst.</strong></span> <span class='ocrx_word' id='word_1_337' title='bbox 423 4370 496 4423; x_wconf 88' lang='lat' dir='ltr'><strong>arch.</strong></span> <span class='ocrx_word' id='word_1_338' title='bbox 522 4371 598 4425; x_wconf 78' lang='lat' dir='ltr'><strong>ltom.</strong></span> <span class='ocrx_word' id='word_1_339' title='bbox 627 4371 691 4423; x_wconf 74' lang='lat' dir='ltr'><strong>tx</strong></span> <span class='ocrx_word' id='word_1_340' title='bbox 720 4372 757 4436; x_wconf 85' lang='lat' dir='ltr'><strong>(a.</strong></span> <span class='ocrx_word' id='word_1_341' title='bbox 781 4372 865 4435; x_wconf 77' lang='lat'>1838)</span> <span class='ocrx_word' id='word_1_342' title='bbox 893 4387 919 4438; x_wconf 90' lang='lat' dir='ltr'><strong>p.</strong></span> <span class='ocrx_word' id='word_1_343' title='bbox 941 4376 1004 4423; x_wconf 87' lang='lat'>101:</span> <span class='ocrx_word' id='word_1_344' title='bbox 1038 4370 1420 4424; x_wconf 74' lang='lat' dir='ltr'><strong>sux.1,.u.1ru1nsr.r¹</strong></span> 
     </span>
     <span class='ocr_line' id='line_1_39' title="bbox 327 4471 613 4515; baseline 0.014 -7"><span class='ocrx_word' id='word_1_345' title='bbox 327 4471 523 4515; x_wconf 74' lang='lat' dir='ltr'><strong>imrrrm&#39;riuvs</strong></span> <span class='ocrx_word' id='word_1_346' title='bbox 544 4475 613 4512; x_wconf 77' lang='lat' dir='ltr'><strong>sris.</strong></span> 
     </span>
    </p>
   </div>
   <div class='ocr_carea' id='block_1_8' title="bbox 0 0 1492 5120">
    <p class='ocr_par' dir='ltr' id='par_1_10' title="bbox 0 0 1492 5120">
     <span class='ocr_line' id='line_1_40' title="bbox 0 0 1492 5120; baseline 0 0"><span class='ocrx_word' id='word_1_347' title='bbox 0 0 1492 5120; x_wconf 95' lang='lat' dir='ltr'><strong> </strong></span> 
     </span>
    </p>
   </div>
  </div>
 </body>
</html>
