3008 5118
235 389 487 438 arraoaoarra
514 389 668 436 carrara
692 389 953 439 eoaoarmmvm.
1107 377 1170 442 247

42 532 152 596 Gruteri
174 555 204 616 p.
219 535 294 618 661,
308 535 328 598 6
343 532 412 618 (Or.
426 531 528 616 4748)
544 535 576 597 et
590 533 665 614 663,
675 533 706 616 5,
725 532 820 598 11116Υ
823 534 847 598 C
859 568 866 583 .
876 533 1019 599 Parva
1030 571 1036 584 ·
1048 535 1170 600 SVVS·

42 639 199 706 11168611Ἰ
229 641 264 707 16
291 639 462 706 Muratorii
490 661 521 724 p.
542 639 657 724 660,4
685 640 763 706 item
791 640 940 706 Romana
967 640 1035 728 (Or.
1056 643 1169 728 2613):

40 749 109 832 apud
124 749 309 816 Petronium
328 751 436 814 autern
456 769 482 813 c.
497 749 542 812 42
560 753 594 812 at
606 749 713 832 plures
731 750 840 813 medici
860 749 947 814 illam
960 751 1170 834 moereant,

40 857 116 922 16666
133 858 232 940 mopso
250 857 354 922 malm
369 857 466 939 sotim
485 877 511 920 e.
523 855 562 920 71
578 857 671 920 etiam
690 857 719 922 si
737 857 807 922 illos
827 857 928 922 inolere
943 857 1031 938 lotas
1050 877 1169 940 oppres·

37 967 104 1040 serit,
121 986 145 1029 c.
156 965 196 1028 77
211 963 268 1030 troc
281 964 360 1030 milri
376 965 452 1030 dicit
463 963 550 1045 [666
563 984 666 1029 awos:
689 961 774 1048 quod
794 984 895 1050 genus
915 963 1084 1030 cottidiani
1104 987 1170 1030 ser-

39 1071 125 1136 monis
147 1071 184 1138 G.
204 1069 362 1138 Studerus
389 1070 544 1136 tractavit
571 1069 674 1136 Musei
703 1068 805 1135 Rhea.
829 1091 902 1136 nov.
920 1068 952 1134 lI
980 1091 1010 1155 p.
1026 1071 1066 1134 ‘ll
1083 1071 1169 1156 sq.*)

37 1179 120 1242 l'orro
142 1177 277 1244 claudos
300 1199 452 1244 numeros
475 1199 588 1244 versus
611 1175 792 1242 duodecimi
816 1175 949 1246 sanabis
963 1175 1167 1242 ANIMVLA

36 1287 124 1350 torma
141 1285 287 1370 reposita
305 1307 365 1371 pro
379 1283 534 1368 ANIMA,
557 1283 706 1350 turbatos
726 1287 833 1348 autem
853 1285 987 1349 extremi
1007 1283 1167 1368 exipsius

36 1392 196 1456 sententiae
238 1391 434 1458 necessitate
473 1389 520 1454 sic
561 1387 647 1454 haud
682 1388 882 1454 haesitanter
922 1391 1168 1458 reconcinnatio

36 1495 628 1575 ovam-avenioplornrtmltam.
665 1495 749 1561 Leve
773 1501 823 1560 est
846 1497 1023 1580 aspiratum
1047 1497 1167 1564 ibidem

36 1606 136 1670 ramuli
154 1606 235 1672 vitio
254 1603 396 1670 HABlI:
419 1607 455 1668 ut
472 1601 716 1668 CHORONAM
732 1625 825 1668 versu
844 1609 968 1688 quarto.
995 1604 1168 1670 Praeterea

35 1719 126 1778 autem
143 1713 230 1778 aliud
250 1717 302 1779 est
321 1711 488 1798 quiddam,
511 1709 596 1794 quod
616 1731 681 1776 non
700 1710 805 1795 possit
822 1731 889 1776 non
908 1711 1053 1796 graviter
1071 1713 1167 1780 offerr-

34 1820 102 1886 dere.
130 1821 256 1908 Quippe
276 1841 410 1906 prorsus
430 1821 559 1902 praeter
577 1816 852 1900 exspectationem
870 1817 908 1882 lit
927 1821 971 1900 ut,
995 1823 1167 1904 postquam

35 1931 145 2009 praeter
166 1933 273 1994 semet
295 1927 403 2013 ipsum
422 1922 583 1990 Diodorus
605 1925 638 1986 et
657 1921 855 1988 Moschidem
876 1927 909 1988 et
928 1921 1112 2008 Dionysiam
1136 1931 1168 1992 et

34 2032 139 2118 Pupam
166 2039 199 2101 et
226 2035 366 2100 filiolum
398 2030 665 2098 commemoravit
695 2035 831 2096 matrem
862 2032 1055 2116 salutantes,
1088 2033 1166 2100 haec

34 2141 196 2207 resalutans
220 2140 389 2224 maritum,
411 2137 543 2223 Pupam,
566 2137 704 2202 filiolum
724 2137 918 2204 mirabiliter
936 2141 1168 2224 praetermittit

33 2245 214 2316 lloschidem
244 2253 279 2314 et
302 2245 500 2332 Dionysiam.
546 2243 639 2322 Quod
667 2267 740 2309 cum
767 2243 857 2310 nullo
888 2245 983 2312 modo
1007 2249 1166 2315 committi

33 2354 160 2438 potuisse
183 2355 216 2422 in
242 2359 313 2419 tam
336 2353 493 2419 concinna
520 2351 683 2436 ceteroqui
711 2351 808 2416 nenia
831 2351 988 2438 videatur,
1018 2354 1072 2421 vix
1096 2379 1166 2420 esec

32 2461 149 2528 dubiumr
183 2467 340 2547 putamus
373 2459 450 2546 quia
482 2481 565 2524 unus
597 2457 715 2544 aliquis
748 2459 925 2526 versiculus
957 2461 1166 2528 interciderit.

34 2569 163 2656 decipite
187 2570 303 2656 igitur,
325 2565 523 2653 perpolitum
544 2588 605 2650 pro
629 2564 715 2630 virili
739 2569 845 2651 parte,
875 2591 1005 2634 carmen
1033 2571 1164 2636 tenerri-

34 2699 142 2743 morum
165 2679 343 2743 affectuum
367 2679 417 2740 sat
440 2673 580 2760 eleganti
605 2673 844 2759 significatione
868 2673 1104 2742 securissimum.

69 2801 179 2886 ilaue,
202 2801 318 2868 driloe
341 2799 453 2866 nobis
476 2801 612 2864 odmen
635 2803 743 2881 atqcue
765 2799 865 2864 ocrea
885 2821 1015 2882 pererra

69 2909 271 2994 Stephane,
293 2906 391 2974 uitai
414 2907 584 2990 nostrae,
606 2905 689 2970 diem
713 2904 828 2982 orieris,
851 2905 965 2972 decus.

68 3014 153 3082 Vere'
177 3003 361 3083 coronam
381 3016 417 3077 te
441 3009 573 3098 accepi
596 3015 735 3077 aetatis
758 3033 863 3077 rrreoe.

69 3121 229 3188 Moschis
255 3125 324 3187 tna
348 3126 384 3185 te
409 3119 559 3184 saltitat
582 3124 619 3183 et
642 3113 842 3202 Dionp'sia,

69 3231 112 3295 nt
133 3231 278 3296 blanda
300 3227 425 3294 dulcis
450 3225 556 3312 Pripa
579 3225 748 3293 deliciac'
767 3231 864 3310 torae,

70 3337 112 3402 Et
132 3339 241 3424 quem
268 3335 347 3402 tuis
372 3335 548 3400 manibus
571 3339 686 3417 nuper
705 3333 889 3418 peccatos,
913 3333 1033 3400 Poris,
1180 3371 1199 3420 χ

72 3443 194 3510 Fatum
218 3441 432 3525 infelicem,
455 3439 524 3526 qui
545 3447 581 3506 te
603 3441 709 3507 nobis
731 3439 908 3506 obstulit!

71 3549 180 3636 Hauc,
204 3553 316 3617 casta
339 3547 518 3631 coniunx,
542 3549 579 3612 et
601 3547 695 3612 milri
717 3549 906 3632 resporrde',
925 3569 1062 3631 precor.

354 3653 709 3738 *ὓς*

72 3763 184 3850 llaue,
208 3761 262 3830 mi
283 3761 466 3845 Diodore,
489 3757 607 3828 amice
631 3759 820 3844 fraterque
841 3763 873 3826 e't
890 3783 1044 3844 porcas:

73 3869 156 3937 Nam
180 3877 218 3938 et
240 3869 355 3936 amici
378 3869 515 3936 officia
538 3873 575 3932 et
598 3867 779 3954 pietatem
801 3867 968 3934 habuisti
983 3872 1117 3952 patris.

76 3977 115 4042 Te
135 3981 210 4044 me'o
232 3979 355 4045 solato
378 3975 553 4060 llIo‘sclris,
577 3981 608 4041 te
629 3971 825 4056 Diony'ar'o.

74 4081 1165 4171 11666,Ρ666616666,6616616666,66666666616666,

75 4192 181 4263 Quem
200 4195 320 4276 nuper
337 4211 575 4276 pepereram,
594 4193 635 4254 rit
654 4189 735 4254 abii
753 4191 800 4254 od
812 4189 963 4272 Stypirio
981 4189 1164 4274 domos.**l

50 4295 59 4300 ’
115 4301 240 4401 *rmore
258 4331 331 4386 sarra
350 4330 443 4386 ‘aaa
462 4327 608 4386 mennam
629 4347 655 4402 p.
670 4329 734 4384 xiv
753 4335 816 4398 rasa
831 4334 893 4400 aa).
931 4329 960 4385 a.
976 4329 1032 4400 6,]

100 4417 138 4487 ”)
155 4419 238 4490 [Vide
256 4419 330 4476 infra
344 4419 436 4476 'curas
454 4419 600 4474 menndaa’
617 4436 643 4488 p.
659 4417 722 4472 xlv
743 4421 817 4487 (25³)
842 4421 870 4473 et
888 4421 1110 4490 supplementum
1131 4439 1163 4475 cr

43 4501 126 4562 lluseo
142 4507 228 4568 Rhea.
246 4509 309 4566 XVI
328 4529 355 4582 p.
371 4515 422 4566 297
441 4507 514 4564 intra
532 4525 559 4580 p.
575 4513 626 4564 264
642 4527 681 4579 rq.
701 4507 880 4579 adscriptum.
918 4509 946 4566 C.
963 4509 1020 4580 W.]
