3008 5118
334 380 399 446 308
608 396 726 444 ronsrs
751 396 948 443 1111111111
973 393 1205 442 sorcrnucrvn.

335 543 522 603 sentaneum
547 543 597 603 est
618 539 719 623 igitur
741 539 822 604 haec
844 561 910 604 nou
934 538 974 602 ad
999 537 1133 602 eandem
1156 541 1296 602 aetatem
1312 535 1438 599 referenda

335 668 418 728 csse,
446 646 502 710 sed
530 647 569 710 ad
593 650 742 732 tempora
765 668 898 731 prorsus
927 646 1055 710 diversa
1082 649 1237 728 spectare.
1282 641 1361 718 Quae
1379 641 1439 704 haud
1493 661 1495 738 j

334 754 401 817 scio
430 776 472 816 an
495 753 712 817 discriminare
743 753 840 818 liceat
867 752 1006 834 finitius,
1039 753 1065 815 si
1093 750 1332 816 meminerimus
1352 753 1441 832 quarta

334 861 454 925 fuerint
477 861 605 925 saeculo
629 860 669 924 ab
693 883 723 924 u.
748 882 772 924 c.
796 863 897 942 sexto,
920 863 996 943 post
1019 860 1166 940 apertam
1190 856 1383 940 potissimum
1399 855 1441 916 ‚lu-
1492 928 1493 934 ἵ

333 966 478 1032 tioohino
502 966 591 1030 bello
616 966 737 1046 Asiam,
761 967 906 1030 luxuriae
929 964 1095 1030 Romanae
1118 965 1328 1046 incrementa,
1354 969 1442 1046 quauta

334 1075 498 1138 contentio
525 1073 634 1158 legum
663 1073 935 1158 sumptuariarum
960 1071 1083 1156 Oppiae
1112 1077 1145 1135 et
1167 1070 1309 1135 Fanniae
1335 1069 1443 1133 ferenda·

333 1203 413 1264 rum,
436 1184 557 1265 quanta
581 1181 684 1264 ipsius
704 1179 838 1245 Catonis
863 1181 897 1244 in
920 1200 1063 1263 censura,
1087 1201 1180 1265 quam
1207 1201 1234 1242 a.
1253 1179 1318 1242 570
1336 1177 1443 1262 gerebat,

333 1287 543 1370 castigandae
567 1287 853 1370 reprimendaeque
875 1285 1099 1369 prodigentiae
1123 1290 1156 1350 11
1177 1271 1333 1350 mollitiae
1354 1282 1442 1347 acerbi·

332 1397 393 1457 tas.
427 1392 478 1457 Ad
501 1393 581 1458 haec
605 1392 705 1477 igitur
728 1397 876 1477 tempora
901 1392 1054 1457 credibile
1074 1398 1124 1457 est
1142 1393 1200 1457 illa
1217 1392 1371 1476 pertinere
1387 1411 1442 1474 quas

306 1500 371 1564 sde
395 1523 511 1585 perosa
534 1500 697 1585 plerisque
721 1499 858 1564 avaritia
880 1499 915 1562 in
939 1497 1073 1564 (latonia
1097 1499 1181 1563 libro
1201 1497 1323 1563 Gellius
1344 1499 1441 1582 legerat
1487 1503 1488 1566 ξ

334 1607 455 1682 Quibus
480 1607 704 1693 percommode
728 1607 911 1672 continuari
935 1607 1053 1672 veteris
1074 1610 1171 1692 atque
1190 1607 1342 1690 antiquae
1358 1605 1441 1668 aetatis
1486 1651 1487 1668 i

333 1717 533 1800 comparatio
557 1716 605 1780 ita
628 1715 745 1799 potuit,
768 1720 804 1780 ut
827 1719 906 1779 tum
930 1714 1039 1778 omnia
1062 1717 1175 1779 contra
1192 1713 1293 1778 1111111
1313 1735 1377 1777 cum
1392 1733 1441 1774 aua·

332 1822 436 1904 phora
455 1823 622 1907 diceretur,
647 1823 736 1888 cuius
755 1824 879 1907 figurae
898 1822 1080 1887 rhetoricae
1099 1819 1285 1905 religiosius
1303 1816 1442 1884 seruandae

333 1929 483 2012 ‘sparsim
512 1935 544 1993 et
566 1929 729 1995 intercise'
759 1952 932 2014 excerpens
957 1928 1081 1993 Gellius
1114 1932 1147 1992 et
1179 1928 1214 1991 in
1241 1927 1376 2010 ipsarum
1398 1923 1442 1986 viu

334 2036 566 2100 sententiarum
590 2037 735 2102 intentus
764 2059 913 2102 caussam
936 2058 1003 2101 non
1025 2035 1168 2100 haberet.
1216 2033 1288 2110 Qua
1309 2031 1442 2096 ratiocina-

333 2143 421 2208 tione
448 2142 555 2207 nescio
586 2165 627 2207 an
655 2144 737 2208 illud
765 2166 944 2227 consequar
975 2146 1012 2206 ut
1043 2141 1137 2206 unius
1167 2140 1366 2225 eiusdemque
1392 2142 1441 2198 luu

1482 1918 1487 1978 l

333 2249 465 2314 voculae
492 2248 614 2332 triplici
642 2236 825 2315 accessione
854 2250 992 2334 triplicis
1026 2250 1207 2314 sententiae
1237 2249 1375 2311 lacunam
1398 2263 1441 2305 nou

333 2357 402 2420 sine
426 2356 534 2440 aliqua
557 2355 789 2440 probabilitate
813 2357 982 2442 suppleam
1005 2355 1067 2420 hoc
1092 2355 1239 2438 exemplo
1263 2352 1336 2438 (11):

422 2479 571 2544 Vestiri
594 2479 632 2545 in
655 2481 739 2546 foro
764 2485 842 2546 tum
865 2518 887 2526 -
911 2483 990 2545 m6s
1015 2482 1099 2544 1111
1121 2479 1296 2544 hone‘ste:

421 2586 544 2670 Domi,
567 2589 666 2672 quod
691 2589 788 2653 satis
812 2590 905 2653 erat.
946 2611 964 2637 υ
982 2605 999 2636 Δ
1016 2611 1035 2636 ν
1053 2604 1070 2636 Δ
1088 2610 1107 2636 υ
1125 2604 1141 2636 r
1159 2610 1178 2636 υ

420 2766 549 2850 Equds
573 2766 699 2830 caricis
723 2771 802 2830 turn
824 2803 846 2810 -
870 2767 981 2849 quam
1005 2767 1147 2848 coquos
1170 2765 1352 2830 emebant

420 2943 601 3008 Poeticae
625 2944 723 3008 artis
748 2981 768 2989 —
791 2947 867 3007 11611
891 2945 975 3008 erat
996 2942 1118 3007 honos
1142 2947 1230 3007 tum.

420 3156 477 3220 Ad
501 3153 693 3240 conuiuia,
717 3157 946 3240 grassa-tor
968 3156 1192 3220 uocabatur.

333 3278 392 3342 Vel
414 3281 440 3344 si
460 3279 587 3344 hiatum
606 3280 728 3364 fugisse
744 3279 899 3344 Catonem
921 3275 1062 3343 severius
1082 3279 1279 3363 putabimus,
1296 3278 1442 3344 Poe'ticae
1485 3316 1492 3374 ¹,

333 3388 458 3449 autem
487 3385 584 3449 artis
616 3423 670 3451 —-.
715 3387 802 3452 Nam
830 3392 897 3450 erat
919 3385 1010 3450 verbi
1038 3387 1186 3451 ultimam
1215 3394 1248 3452 et
1271 3386 1442 3470 originem

332 3489 463 3575 longam
488 3492 588 3555 fuisse
612 3497 645 3556 et
664 3493 705 3557 ab
725 3492 958 3576 antiquissimis
982 3492 1088 3575 poetis
1110 3493 1244 3576 produci
1268 3493 1387 3557 solitam
1404 3507 1442 3548 11⁰·

332 3602 409 3661 runt
428 3599 482 3681 qui
502 3599 536 3662 in
556 3598 607 3663 his
627 3599 747 3663 litteris
768 3599 865 3664 solito
884 3597 1127 3682 diligentiorem
1146 3619 1278 3681 operam
1291 3598 1442 3683 posueruut
1495 3611 1496 3632 ³

331 3704 504 3768 Praeterea
528 3710 636 3770 autem
659 3707 741 3770 nihil
763 3707 834 3771 ausi
854 3728 963 3770 sumus
982 3710 1113 3789 praeter
1135 3707 1198 3770 tria
1218 3705 1368 3772 vocabula
1385 3699 1442 3766 salii

331 3811 521 3895 simpliciter
544 3813 758 3896 transposita:
791 3813 876 3897 quod
900 3816 1012 3878 contra
1034 3834 1100 3877 non
1124 3811 1194 3877 sine
1217 3813 1346 3877 lubricis
1366 3823 1442 3872 nuu-

331 3918 475 3982 tionibus
500 3940 569 3982 sese
592 3917 776 3983 Boeckhius
801 3925 834 3982 et
857 3918 1084 3983 l'leclreisenus
1108 3917 1324 4002 expedierunt

419 4059 592 4143 Reliquum
617 4066 667 4125 est
690 4065 726 4126 ut
749 4062 782 4125 in
807 4060 994 4127 Catonianis
1019 4061 1148 4141 ceteris,
1177 4083 1259 4144 quae
1283 4059 1333 4124 ‘cd
1354 4044 1440 4137 fild'd'

331 4165 527 4246 pertinuisse
564 4167 751 4231 testimonia
788 4190 898 4230 corum
937 4167 1052 4249 quibus
1090 4166 1249 4230 debentur
1282 4165 1438 4246 scriptorum

332 4269 460 4352 docent,
492 4272 587 4336 nobis
616 4294 824 4336 numerorum
853 4272 992 4355 vestigia
1019 4293 1085 4335 non
1112 4273 1219 4356 magis
1248 4293 1336 4356 quam
1356 4261 1438 4330 Fls-l·

332 4376 441 4439 eiseno
466 4380 654 4461 apparuisse
678 4378 848 4442 fateamur.

1483 2702 1489 2899 l

422 3050 460 3114 Si
484 3047 609 3134 quiin
634 3071 675 3113 ea
698 3051 737 3113 re
761 3049 945 3114 studebat
964 3087 984 3094 -
1004 3054 1069 3114 adt
1092 3071 1174 3113 1111
1198 3047 1407 3132 adplicabat
1484 3028 1488 3053 ⁴

1485 3152 1489 3183 l

1485 3198 1490 3227 l

1485 3238 1490 3255 1
