2972 5120
325 335 390 401 530
561 353 703 401 cersona
729 353 1238 403 rnn1nrrnrrsn1³1casrn1cse

326 497 370 560 ‘et
402 521 440 563 ex
473 499 625 583 genetivo
659 498 776 563 Latino
809 498 1014 581 Proserpinae
1045 499 1231 583 Graecoque
1260 500 1427 580 llepeeptrn

325 606 562 689 quodammodo
581 605 738 690 mixtam'‚
758 605 897 690 primum
916 607 1033 672 idonea
1052 611 1242 692 argumenta
1262 609 1328 671 talis
1344 608 1429 670 mutu·

325 735 381 777 rae
404 714 560 798 desidem,
584 714 711 797 quando
735 714 865 778 illorum
890 737 970 798 quae
994 718 1070 778 sunt
1088 712 1348 779 PESOENIAES
1368 713 1429 776 oll-

324 819 440 884 Nuus
465 844 537 885 cum
562 822 732 905 similibus,
756 845 814 907 pro
839 827 929 887 certo
952 822 1057 888 habeo
1077 823 1174 907 longe
1194 822 1290 886 aliam
1310 820 1429 885 rationu
1476 871 1477 884 2

325 949 407 1011 esse3
431 911 600 1011 praeterea
623 933 746 1012 autem,
768 928 849 993 haec
872 930 944 1014 ipsa
962 934 1000 994 ut
1018 930 1162 1010 mittam,
1186 950 1298 1011 parum
1317 948 1431 1008 assequor
1472 916 1477 947 ³

325 1035 401 1116 quid
426 1035 469 1098 sit
493 1035 623 1100 omnino
653 1058 708 1100 cur
738 1037 934 1120 confusioni,
962 1059 1060 1120 quarn
1089 1035 1198 1118 aliquo
1227 1034 1356 1099 artificio
1375 1055 1430 1094 eou-

325 1141 506 1221 miniscare,
530 1141 772 1226 simplicitatem
797 1143 1050 1225 posthabeamus
1069 1164 1150 1225 quae
1169 1147 1220 1205 est
1239 1142 1272 1205 in
1292 1140 1430 1224 propatulo.

325 1245 374 1311 Ne
398 1248 514 1334 longus
538 1249 601 1312 sim
625 1250 658 1312 in
682 1271 730 1324 re,
762 1252 800 1311 nt
828 1248 908 1311 milri
938 1249 1065 1332 quidem
1094 1248 1230 1330 ridetur,
1260 1245 1433 1331 apertissime

325 1354 466 1418 breviter
495 1377 649 1439 quaerere
677 1355 788 1418 licebit
815 1377 892 1418 num
922 1355 1020 1418 etiam
1048 1354 1096 1417 illi
1124 1354 1281 1438 genetivi,
1313 1355 1360 1437 qui
1385 1355 1433 1414 sunl

324 1461 464 1523 Lotrmos
486 1462 553 1524 cias
577 1481 658 1524 esces
681 1462 779 1524 aeolos
801 1463 956 1525 melodias
973 1462 1161 1525 Alcumenas
1185 1467 1218 1526 et
1241 1465 1363 1545 praeter
1380 1469 1433 1521 eeu

325 1589 378 1630 ros
393 1567 549 1650 familias,
573 1569 613 1632 ad
633 1589 768 1650 graecae
789 1568 1016 1633 declinationis
1036 1567 1285 1632 similitudinem
1303 1565 1433 1631 revocandi

325 1673 503 1758 videantur,
527 1697 568 1737 an
592 1697 608 1737 e
632 1675 807 1738 contractis
823 1675 1001 1739 Letoon-is
1022 1677 1201 1754 sectilia-is
1223 1674 1335 1739 formis
1356 1672 1434 1736 eaden

326 1781 451 1844 ratione
475 1780 637 1864 repetendi
662 1804 726 1864 qua
750 1805 766 1844 e
790 1784 927 1846 sanotae-is
949 1784 1025 1847 diors
1048 1788 1081 1847 et
1104 1783 1262 1866 parilibus
1285 1782 1434 1866 prodienut

324 1895 449 1952 senators
471 1891 534 1952 dies
558 1889 722 1971 genetivi?
752 1891 829 1954 item
854 1891 937 1954 unde
961 1890 1024 1953 nisi
1048 1911 1086 1952 ex
1109 1889 1189 1973 ipsis
1208 1889 1319 1953 Albas
1334 1889 1435 1966 Lougrss'e

326 1995 383 2080 (=
399 1995 628 2080 Proserpinae)
651 1996 765 2059 formis
790 1996 895 2059 factae
915 1997 981 2059 sint
1001 1996 1098 2059 Albai
1115 1995 1261 2076 Irmpo'i?
1283 2015 1398 2078 prorsus
1415 2002 1435 2050 n

326 2104 502 2165 esenntnr‘s
528 2103 605 2165 elieis
631 2107 729 2166 natae
762 2107 838 2165 sunt
869 2103 990 2166 senatui
1017 2104 1086 2166 diei.
1114 2139 1158 2148 —·
1188 2101 1308 2166 Verum
1338 2101 1374 2164 de
1397 2099 1433 2160 ha

326 2228 443 2290 genere
470 2209 622 2272 universo
652 2232 709 2273 suo
738 2210 810 2274 loco
835 2209 960 2274 dicetur
989 2210 1195 2292 explicatius,
1224 2209 1319 2291 idque
1346 2229 1380 2270 eo
1400 2207 1436 2267 iu·

326 2313 458 2395 pensius
482 2336 545 2398 quo
570 2316 676 2378 minus
700 2317 831 2398 probari
855 2339 951 2399 posse
974 2338 1012 2380 ea
1037 2315 1141 2396 video,
1164 2337 1246 2398 quae
1265 2315 1303 2377 de
1321 2313 1436 2398 genetivo

325 2419 449 2502 primae
487 2419 714 2486 declinationis
752 2424 874 2486 latinae
906 2446 926 2487 a
959 2423 1132 2507 singularis
1166 2423 1237 2486 viro
1270 2419 1437 2486 auctoritati

326 2525 497 2591 Francisco
523 2528 648 2612 Boppio
673 2532 844 2612 proposita
868 2533 943 2593 sunt
966 2529 1210 2593 Grammaticae
1233 2527 1436 2614 comparativae

325 2638 348 2697 t.
367 2634 382 2696 I
406 2658 436 2717 p.
457 2636 520 2698 377
542 2658 587 2718 sq.
616 2637 680 2698 399
702 2659 747 2719 sq.
776 2636 823 2700 ed.
848 2638 917 2720 alt,
945 2638 1123 2701 rectissime
1147 2658 1219 2700 mec
1242 2635 1359 2699 iudicio
1379 2633 1437 2694 den·

327 2740 403 2804 licta
432 2743 472 2804 ab
498 2741 646 2826 Augusto
676 2741 881 2808 Schleiehero
915 2747 1028 2808 nostro
1056 2745 1089 2807 in
1118 2742 1357 2806 Grammaticus
1380 2759 1437 2802 com·

326 2870 393 2930 par.
417 2848 663 2930 compendiosae
686 2853 709 2911 t.
728 2848 758 2910 ll
784 2871 813 2930 p.
833 2850 898 2912 452
918 2872 987 2932 sqq.

252 3183 311 3222 x111
415 3166 452 3229 lu
482 3169 618 3231 tabula
644 3167 678 3230 ll
706 3167 812 3248 [xvi]
844 3168 903 3231 snb
928 3165 958 3230 Α
981 3168 1170 3251 propositus
1195 3167 1311 3231 titulus
1333 3164 1438 3230 Calenus

327 3293 420 3354 quem
446 3275 479 3336 in
503 3274 564 3336 fine
588 3274 731 3336 ostendit
759 3274 1002 3338 insolentiorem
1031 3296 1148 3338 nexum
1174 3274 1365 3354 litterarum,
1388 3289 1437 3330 erm

327 3379 365 3440 de
397 3378 546 3443 MENSE
581 3381 804 3446 INTolneolae'
837 3381 935 3445 etiam
967 3380 1177 3445 Huebnerum
1216 3375 1437 3464 interpretaur
1476 3396 1481 3459 ξ

326 3485 518 3550 Mommseni
539 3487 619 3551 Add.
638 3511 666 3570 p.
684 3489 748 3550 559
768 3511 798 3551 n.
813 3488 897 3551 1505
912 3487 1060 3572 cognovi.
1092 3486 1158 3550 Vbi
1178 3509 1235 3551 cur
1253 3489 1320 3571 ipse
1334 3484 1436 3548 Moun-

327 3617 421 3658 senus
445 3599 482 3657 ut
505 3595 755 3677 probabiliorem
784 3595 867 3658 hanc
891 3596 1110 3658 coniecturam
1134 3594 1346 3672 commendet,
1371 3595 1399 3650 ut
1417 3585 1435 3644 in

326 3701 568 3785 contignatione
592 3689 649 3763 illa
671 3702 853 3765 litterarum
884 3702 983 3764 latere
1007 3699 1156 3764 MENSE
1182 3697 1348 3763 lANVAR
1368 3695 1436 3756 diffii-

326 3819 474 3872 caussam
498 3831 562 3870 non
583 3809 662 3870 satis
682 3809 851 3891 perspicio.
880 3807 916 3871 ld
937 3809 1019 3871 enim
1041 3809 1102 3870 etsi
1121 3807 1201 3871 mihi
1221 3829 1342 3890 queque
1359 3803 1434 3886 prin*
1483 3845 1484 3896 p

326 3918 436 3979 statim
462 3920 595 3997 aspectu
619 3916 651 3977 iu
676 3919 816 3978 urentem
841 3915 1076 3998 venit‚ta1nen
1100 3915 1196 3978 etiam
1222 3916 1256 3978 iu
1275 3914 1332 3977 hac
1351 3925 1433 3973 raus-<⁵
1484 3975 1485 3980 ,

326 4023 567 4104 simplieitatem
597 4027 762 4104 praestare
791 4022 930 4084 artificio
959 4023 1057 4084 sensi:
1091 4020 1330 4104 simplicitatem
1354 4028 1432 4078 auter
1483 4013 1484 4032 ²

326 4129 480 4190 maiorem
506 4126 639 4190 alterius
664 4127 942 4211 interpretationis
972 4127 1044 4208 ipsa
1066 4126 1213 4209 profecto
1237 4127 1432 4190 elementorum
1483 4139 1485 4172 ι

329 4234 478 4316 figuratio
509 4239 655 4297 testatur.
702 4233 786 4296 Nam
817 4233 902 4316 quod
932 4232 972 4294 ad
1001 4233 1096 4297 unius
1123 4230 1158 4295 L.
1183 4230 1318 4296 Cornelii
1341 4227 1433 4292 Cianos

326 4342 529 4404 consulatum
556 4341 674 4404 attinet
698 4341 908 4424 singulariter
932 4341 1159 4422 perscriptum,
1187 4363 1249 4424 qua
1271 4357 1377 4422 quaeso
1395 4351 1431 4390 n*
1484 4321 1485 4364 l

326 4448 478 4509 cessitate
499 4449 528 4510 in
546 4447 579 4511 (l.
596 4448 689 4510 Marii
714 4449 833 4528 locum,
858 4447 911 4530 qni
936 4470 963 4510 a.
982 4447 1011 4510 d.
1027 4446 1073 4508 lll
1097 4447 1169 4510 idus
1193 4442 1351 4511 lanuarias
1369 4439 1429 4498 dlrffl
