3020 5118
328 335 390 398 156
518 396 519 399 ,
600 348 821 398 aronvnnrrn
849 350 1086 397 arraaarrnoa
1112 352 1202 396 rara.

325 516 382 578 per
407 493 512 557 varias
542 493 728 576 disputandi
758 495 943 558 occasiones
973 515 1070 576 supra
1099 493 1260 559 admonui.
1305 493 1369 568 Quo
1393 516 1445 575 per-

325 603 409 665 tinet
440 600 583 664 adiectae
615 600 648 663 in
682 603 744 665 fine
784 601 1015 665 vocabulorum
1047 622 1078 664 aa
1110 601 1240 664 litterae
1278 599 1448 663 constantia:

326 730 422 792 quam
446 729 524 772 sane
548 730 612 772 non
637 708 745 790 potuit
768 708 832 771 iarn
857 713 932 772 ante
950 708 1085 772 Accium
1109 730 1174 771 non
1193 711 1308 790 suopte
1327 706 1448 788 exemplo

324 815 447 879 Ennius
472 816 709 900 commendare,
737 839 829 900 quem
861 817 940 879 item
969 816 1009 879 ad
1034 815 1261 879 stabiliendam
1288 814 1448 897 grammati·

324 945 394 985 carn
417 922 504 986 haud
527 921 672 1006 paullum
696 921 870 1012 contulisse
895 921 974 986 alibi
999 922 1194 1006 significavi,
1227 921 1283 984 sed
1308 927 1405 984 tamen
1424 927 1450 981 ut

325 1029 487 1093 communi
511 1052 571 1092 usn
589 1029 787 1112 reciperetur
802 1029 919 1092 Accius
939 1028 1065 1092 demum
1087 1029 1230 1092 effecisse
1251 1028 1380 1092 videtur.
1404 1025 1450 1090 uu

325 1136 494 1200 consimile
518 1137 580 1201 hoe
599 1142 648 1200 est
668 1136 767 1220 quod,
791 1137 852 1200 etsi
871 1137 1115 1200 consonantium
1135 1135 1384 1220 geminationem
1400 1134 1450 1196 ian
1506 1142 1507 1146 ’

325 1241 467 1306 Ennium
494 1243 698 1326 praecepisse
727 1265 798 1306 eum
827 1243 910 1307 ratio
940 1243 1049 1328 arguit
1077 1248 1158 1307 tum·
1174 1241 1361 1306 testimonia
1382 1241 1450 1304 erin·

325 1352 414 1431 cunt,
439 1349 635 1432 eandemque
664 1372 795 1432 prorsus
825 1353 1078 1414 consentaneum
1109 1354 1159 1413 est
1184 1347 1320 1412 Accium
1347 1369 1451 1431 quoque

326 1457 479 1540 sirasisse,
503 1461 612 1520 tamen
636 1457 669 1520 in
693 1455 805 1519 eadem
829 1461 866 1520 nt
885 1457 1009 1520 conicio
1030 1457 1082 1520 via
1101 1477 1313 1539 perseverans
1332 1453 1450 1518 Lucilius

325 1563 451 1627 demum
477 1569 588 1628 contra
613 1564 677 1626 vim
702 1563 837 1626 inertiae
861 1567 989 1627 tantum
1010 1564 1125 1645 valuit,
1150 1567 1271 1626 utnon
1292 1561 1450 1646 geminaudi

325 1671 521 1735 consuetudo
555 1670 652 1752 plane
690 1670 887 1734 aboleretur:
925 1670 957 1733 in
990 1671 1073 1735 hanc
1112 1671 1198 1735 enim
1231 1673 1359 1754 partem
1392 1667 1450 1730 illud
1497 1660 1501 1705 ἶ

325 1778 533 1861 interpretor,
563 1778 647 1860 quod
671 1799 735 1841 non
760 1781 834 1841 ante
859 1783 979 1840 anniam
1005 1778 1070 1840 640
1098 1779 1252 1842 constans
1283 1798 1352 1841 esse
1373 1775 1450 1860 gemi-
1496 1818 1501 1854 ,3

325 1885 415 1948 natio
441 1883 701 1968 deprehenditur.
746 1884 882 1948 Possum
906 1884 1047 1948 eiusdem
1069 1885 1158 1948 Accii
1182 1883 1369 1949 auctoritati
1390 1882 1451 1945 alias
1496 1908 1501 1947 r

325 1989 481 2075 cpiasdam
506 1992 702 2056 mutationes
726 1991 888 2075 probabili
910 1991 1097 2056 coniectura
1115 1991 1274 2055 tribuere:
1299 1990 1383 2054 velut
1403 2011 1450 2052 nou
1496 2018 1500 2065 ς

325 2098 366 2162 ab
391 2097 468 2180 alio,
495 2097 560 2160 nis'i
588 2098 697 2181 fallor,
729 2100 874 2182 profecta
898 2102 948 2162 est
971 2097 1065 2173 QVM
1090 2096 1209 2173 QVRA
1237 2095 1379 2172 Pnlevs
1400 2095 1450 2159 PE·

326 2203 466 2281 QVNIA
495 2203 752 2280 PEQVLATVS
785 2205 964 2288 scripturae
997 2205 1030 2268 in
1063 2205 1129 2268 illis
1163 2204 1380 2269 monumentis
1405 2203 1450 2265 lrc·
1496 2276 1500 2287 Ι

286 2334 312 2372 aa
327 2312 460 2395 quentia
485 2334 565 2395 quae
590 2313 737 2376 insecuta
762 2335 882 2376 annum
902 2313 967 2375 620
990 2317 1098 2376 aetate
1121 2313 1209 2376 facta
1232 2317 1319 2376 sunt.
1352 2310 1405 2375 Sed
1424 2308 1450 2370 de
1494 2352 1499 2367 .

325 2419 391 2501 his,
420 2442 492 2483 cum
516 2419 656 2483 breviter
680 2441 744 2483 non
768 2421 887 2504 possit,
918 2442 982 2483 non
1005 2423 1114 2503 potest
1136 2419 1170 2482 in
1193 2419 1378 2501 praesentia
1397 2415 1450 2480 dici.
1494 2438 1499 2475 :

325 2525 433 2589 Vnum
458 2547 573 2608 operae
597 2526 737 2608 pretium
767 2529 816 2589 est
847 2548 1011 2610 quaerere:
1044 2549 1121 2590 num
1148 2548 1212 2590 non
1237 2527 1272 2590 in
1298 2526 1450 2610 scripturae
1495 2535 1499 2613 ss

325 2638 462 2716 tantum,
487 2631 541 2696 sed
565 2633 660 2696 etiarn
687 2633 720 2695 in
744 2633 921 2696 formarum
946 2635 1125 2698 mutatione
1149 2637 1243 2696 tanta
1266 2635 1316 2697 vis
1340 2632 1410 2697 artis
1428 2638 1449 2690 el

324 2741 515 2824 disciplinae
540 2739 684 2803 efficacia
706 2739 806 2803 fuisse
831 2739 990 2824 videatur,
1014 2741 1089 2804 hinc
1113 2745 1150 2804 ut
1168 2740 1272 2823 ipsius
1293 2739 1376 2803 vitae
1393 2757 1449 2798 usus

324 2848 393 2931 regi
422 2848 567 2931 potuisse
597 2847 753 2910 credatur.
804 2846 895 2921 Quod
926 2848 981 2931 qni
1013 2847 1218 2929 concesserit,
1249 2845 1383 2911 habebit
1410 2840 1449 2923 qui
1496 2873 1500 2929 j

324 2955 404 3018 illud
434 2977 502 3043 csse
531 2956 653 3018 factum
683 2953 782 3037 dicat,
818 2953 902 3037 quod
931 2977 987 3036 per
1016 2953 1147 3037 aliquod
1175 2958 1305 3036 tempus
1333 2950 1449 3016 abolita
1496 3001 1501 3038 ι

325 3060 476 3125 HANCE
506 3059 625 3124 llACll
659 3062 780 3125 forinas
809 3060 991 3144 bisyllabas
1021 3061 1124 3124 denuo
1148 3058 1309 3143 prodiisse
1337 3063 1368 3124 et
1387 3063 1449 3119 tam·
1495 3056 1500 3069 '

325 3191 421 3252 quain
447 3167 591 3251 erupisse
615 3167 699 3232 circa
723 3190 842 3232 annum
866 3169 931 3232 620
954 3190 1054 3250 supra
1077 3167 1224 3230 vidimus.
1256 3166 1332 3250 Ego
1354 3165 1384 3228 in
1404 3162 1448 3224 ha

325 3297 508 3359 quoquere
534 3274 624 3338 Accii
648 3273 805 3357 quasdam
833 3277 941 3356 partes
965 3274 1065 3338 fuisse
1096 3295 1154 3336 nec
1179 3272 1349 3336 affirmabo
1371 3267 1448 3334 conl·
1497 3254 1501 3285 ²

325 3382 437 3444 denter
460 3404 517 3446 nec
540 3380 737 3465 pertinacius
761 3381 874 3464 negari
898 3381 1011 3463 patiar.

413 3485 488 3552 Nou
517 3488 711 3576 pertinuisse
747 3487 787 3551 ad
817 3489 831 3550 a'
862 3489 1006 3551 vocalem
1035 3486 1220 3570 geminandi
1248 3508 1358 3566 arsum,
1386 3478 1448 3544 salis

325 3599 527 3677 perspectum
553 3599 615 3659 cst:
645 3595 700 3658 secl
728 3593 813 3657 idem
836 3598 959 3670 tamen,
988 3593 1135 3675 quamvis
1158 3592 1342 3658 tacentibus
1364 3608 1447 3675 gran·

325 3701 465 3784 rusticis,
496 3725 537 3764 ne
570 3701 610 3765 ad
645 3702 784 3785 reliquas
819 3701 947 3784 quidem
982 3722 1092 3763 omnes
1125 3700 1290 3781 pertinuit
1344 3695 1447 3778 Inspice

325 3809 473 3892 exempla
500 3831 597 3892 snpra
625 3807 818 3891 composita:
848 3805 907 3868 An
932 3805 990 3868 ΕΕ
1015 3805 1076 3869 VV
1102 3805 1260 3869 vocalium
1285 3806 1370 3870 vides
1395 3820 1447 3862 esse
1502 3809 1504 3817 ’

325 3917 451 3998 emnia,
478 3916 533 3980 00
566 3916 744 3998 scripturae
777 3915 872 3998 plane
905 3914 1038 3977 nullum.
1086 3912 1183 3977 (luins
1216 3914 1261 3976 rei
1293 3911 1446 3978 nescios

324 4043 390 4084 non
417 4022 519 4084 lateat
546 4045 670 4085 caussa.
715 4020 790 4083 Dixi
824 4042 922 4101 supra
950 4020 987 4083 de
1017 4020 1198 4083 tralaticiae
1226 4020 1258 4084 vi
1287 4015 1447 4088 memoriae,

325 4150 407 4211 aliiae
431 4132 524 4191 tanta
548 4127 609 4192 fuit
633 4133 682 4210 ut,
711 4151 783 4192 eum
812 4127 856 4191 nl
888 4127 985 4190 scribi
1015 4125 1132 4190 Accius
1156 4127 1283 4192 iuberet
1311 4124 1444 4190 maiorum

325 4233 488 4318 exemplo,
520 4237 648 4317 praeter
676 4235 858 4317 exemplum
887 4234 1046 4297 maiorum
1075 4233 1234 4316 geminari
1263 4237 1381 4298 ceteras
1405 4247 1444 4286 ro·

325 4343 420 4423 cales,
444 4341 524 4404 illud
548 4347 751 4423 permaneret
774 4342 966 4423 diutissime,
989 4341 1051 4405 hoc
1074 4362 1133 4403 nee
1157 4340 1237 4404 satis
1259 4339 1443 4405 increbresce

323 4453 373 4514 ret
393 4471 451 4512 nec
476 4447 672 4532 perduraret.
719 4447 840 4512 Verum
866 4448 951 4535 quod
975 4471 1038 4512 non
1063 4447 1221 4511 maiorum
1245 4447 1299 4512 ille
1322 4437 1443 4522 exemplo
