2972 5120
394 403 674 454 svrnnnununvrs
697 405 743 452 ιν.
1008 449 1012 454 ,
1076 387 1140 451 547

19 573 43 632 p.
60 551 118 614 338
140 549 289 614 editionis
307 544 502 633 Parisinus),
526 547 670 612 dubitari
693 568 827 630 prorsus
849 567 915 612 non
934 549 1044 630 potest
1067 547 1144 630 quin

18 658 53 721 sit
73 656 191 720 noricis
212 654 326 720 fraude
357 657 391 719 et
414 655 459 719 eis
483 653 613 739 quidem
640 653 845 738 temporibus
869 652 1006 718 conficta
1028 653 1145 738 quibus
1214 693 1217 700 -

18 764 155 827 usitatam
183 761 232 828 SP
261 765 375 826 notam
404 760 550 845 imperiti
578 759 709 844 quidam
738 759 912 844 antiquarii
943 761 976 826 in
1004 763 1146 824 mentem
1253 761 1258 774 '

17 869 191 934 induxerunt
217 889 285 932 non
309 865 556 933 SPEOTATVS
584 867 792 951 interpretari
823 866 879 931 sed
903 863 1145 931 SPEOTAVIT

17 977 83 1038 setis
116 975 237 1058 inepte:
275 977 474 1060 qnepropter
506 973 689 1039 rectissime
721 973 755 1038 in
787 973 943 1038 falsorum
975 993 1146 1037 numerum

15 1079 218 1147 Mommsenus
243 1080 373 1146 rettulit
394 1102 426 1164 p.
444 1080 510 1144 200
523 1101 546 1144 e.
581 1079 672 1164 Ergo
691 1078 753 1144 hoc
777 1079 894 1142 saltem
913 1079 1061 1164 exemplo
1080 1101 1146 1146 non

16 1187 90 1269 licet,
112 1186 196 1272 quod
211 1187 393 1273 Borghesio
413 1180 549 1270 placuit,
572 1185 727 1270 probare:
750 1185 873 1250 factum
896 1207 966 1250 esse
990 1208 1145 1252 nonnum-

17 1315 96 1376 quem
117 1297 153 1358 nt
174 1316 242 1359 non
266 1315 326 1358 suo
349 1299 511 1378 tempore,
533 1291 588 1356 red
613 1292 781 1377 aliquanto
805 1295 880 1376 post
902 1291 1029 1356 demum
1054 1314 1146 1376 pera-

16 1405 110 1464 rentur
131 1401 425 1468 inscriberenturve
449 1399 500 1464 vel
520 1399 635 1463 saltem
655 1398 884 1482 supplerentur
903 1401 1055 1482 tesserae,
1078 1400 1145 1464 sive

16 1507 175 1572 incensas
201 1529 293 1572 mero
321 1505 442 1571 oblivio
471 1505 535 1568 fuit
563 1505 630 1569 sive
658 1503 881 1570 deficientibus
914 1506 1044 1572 omnino
1072 1505 1144 1589 ipso

16 1613 79 1677 editi
103 1613 277 1697 spectaculi
304 1617 464 1694 tempore,
492 1632 629 1696 quorum
657 1612 790 1676 nomina
817 1611 1043 1694 scriberentur,
1071 1633 1144 1676 oon·

17 1719 131 1783 solibus.
170 1718 242 1795 Qua
265 1719 322 1782 ille
344 1717 529 1783 coniectura
552 1739 630 1782 usus
652 1715 851 1782 Heinsienne
874 1721 1015 1782 tesserae
1038 1723 1145 1802 patro·

17 1825 117 1890 oinium
140 1825 284 1910 suscepit
307 1845 390 1908 quae
414 1823 495 1888 haec
518 1827 569 1888 est
582 1821 617 1888 O.
631 1822 657 1888 Ι.
671 1823 705 1888 L.
724 1824 739 1889 Ι
758 1847 789 1908 p.
802 1825 863 1889 197
883 1845 915 1888 n.
926 1824 989 1888 733
1005 1822 1144 1904 [Ritschl

17 1931 89 1996 'less
110 1932 192 2016 glod.
216 1955 247 1997 ιι.
267 1931 338 2014 22]:

330 2097 800 2165 PILODAMVS

308 2361 380 2466 ‘si
395 2361 468 2466 J.
487 2359 830 2465 {affirm

301 2512 800 2618 ‘nsvin-ou-no

18 2739 153 2812 Consules
178 2748 266 2812 enim
295 2747 371 2812 anni
396 2749 459 2812 701
487 2747 531 2811 M.
550 2746 720 2836 Valerium
743 2745 930 2811 Messallam
954 2743 1010 2810 On.
1032 2742 1143 2810 Domi·

18 2849 83 2915 tium
104 2852 274 2919 Calvinum
296 2875 369 2917 cum
394 2850 508 2917 (lessio
528 2850 631 2918 Dione
656 2851 729 2936 XL,
750 2853 789 2916 17
812 2855 845 2915 et
862 2852 907 2916 45
929 2849 1144 2936 Appianoque

17 2951 40 3016 b.
59 2957 110 3022 eir.
134 2960 173 3025 19
197 2959 339 3026 testibus
367 2963 530 3024 constaret
556 2981 668 3024 mense
697 2959 826 3022 demum
850 2955 1003 3034 Quinctili
1026 2981 1143 3024 munus

18 3067 217 3150 capessivisse,
241 3068 337 3132 fidem
355 3065 431 3132 huic
450 3069 592 3130 tesserae
612 3065 745 3130 omnino
765 3063 977 3149 derogaverat
991 3063 1141 3132 Clemens
1156 3090 1191 3130 rx

18 3162 190 3238 Cardinulis:
219 3173 255 3238 in
283 3195 348 3258 que
375 3173 403 3237 is
427 3173 588 3236 sententia
616 3171 716 3235 etiam
739 3175 816 3255 post
840 3169 1013 3256 Borghesii
1036 3173 1143 3258 dispu-

17 3275 153 3343 tationem
175 3279 322 3364 perstitit
343 3279 567 3364 Diplomatum
594 3279 671 3363 imp.
695 3302 725 3363 p.
748 3280 810 3343 123
830 3301 876 3362 eq.
904 3301 935 3342 ιι.
954 3279 1028 3344 220.
1074 3278 1143 3345 Nec

18 3399 79 3445 sune
99 3386 167 3467 plus
191 3387 280 3452 valet
304 3385 436 3451 eandem
459 3387 494 3451 in
516 3389 641 3470 partem
664 3385 829 3469 prolatum
853 3407 872 3449 a
893 3383 1075 3470 Borghesio
1099 3387 1143 3451 al·

18 3489 103 3554 terum
125 3491 366 3578 documentum,
390 3493 476 3578 qnod
500 3493 555 3557 ille
579 3515 597 3557 e
619 3497 742 3558 tessera
761 3492 930 3557 Parmensi
952 3492 983 3557 h.
998 3515 1023 3558 e.
1042 3515 1143 3578 prope

18 3589 145 3663 Pernam
178 3603 308 3686 reperta
340 3599 437 3684 petiit
468 3596 502 3684 (l.
527 3619 551 3662 s.
574 3620 598 3663 s.
628 3621 659 3682 p.
687 3599 749 3662 196
777 3620 808 3664 n.
828 3600 890 3664 731
928 3599 1031 3680 [Tess.
1058 3600 1143 3685 glad.

18 3717 41 3758 n.
60 3701 136 3790 20]):

480 3854 643 3920 encore

497 3967 763 4072 numm*

400 4117 782 4233 *asian-'off'
807 4115 817 4119 ’

304 4265 827 4374 offis-mmcd*

24 4469 54 4538 ld
74 4481 149 4547 enim
170 4487 350 4570 exemplum
375 4487 438 4552 etsi
462 4487 606 4572 aliquam
634 4489 699 4552 vim
722 4486 843 4552 habere
867 4509 905 4554 eo
927 4491 1074 4573 tempore
1097 4490 1143 4555 vi·

766 4613 769 4622 .
875 4591 930 4648 35*
