2984 5122
115 429 158 478 uu
181 427 446 478 ercammarus
470 427 616 492 stusu
640 428 771 478 usrrua
795 427 1066 479 aucouurmoaa.
1111 412 1178 478 413

49 594 233 638 communem
262 571 363 636 fuisse
391 571 593 638 intellectum
621 578 680 639 est
726 571 836 658 Atque
861 575 916 639 aut
943 573 1049 658 ipsam
1070 573 1178 639 latini-

47 683 136 745 tatem
167 681 234 744 eius
264 678 491 745 declinationis
523 685 579 745 aut
607 679 723 745 miram
752 678 961 745 dialectorum
990 679 1179 745 Italicarum
1273 693 1280 704 ·

47 787 260 872 cognationem
288 808 512 872 summamque
540 786 574 853 in
601 787 663 852 hoc
690 787 762 872 ipso
793 809 909 874 genere
933 786 1178 854 similitudinem

46 893 113 959 licet
133 915 216 959 nunc
239 915 324 960 novo
348 894 541 962 documento
566 895 792 979 comprobare,
815 895 900 980 quod
925 916 942 959 e
964 916 1179 979 permemora-

46 1000 154 1064 bilibus
175 1000 283 1065 titulis
306 1000 443 1066 Faliscis
466 1000 532 1068 illis
556 1001 698 1086 petimus
722 1000 879 1068 laudabili
902 1000 1079 1087 Rapbaelis
1101 1001 1179 1066 Gar·

45 1107 132 1171 ruccii
159 1107 321 1174 industria
352 1130 455 1194 nuper
482 1109 516 1172 in
547 1107 652 1173 lucem
685 1108 838 1194 proditis:
870 1107 910 1174 de
942 1107 1059 1194 quibus
1087 1109 1178 1175 brevi

45 1214 226 1280 Mommssni
250 1216 284 1280 in
298 1215 391 1281 Actis
414 1215 587 1282 menstruis
612 1214 795 1281 academiae
810 1213 1028 1281 Berolinensis
1048 1239 1076 1282 a.
1093 1217 1178 1283 1860

44 1345 69 1406 p.
85 1323 144 1386 451
165 1344 235 1407 sqq.
258 1323 444 1388 narratione
468 1326 607 1407 constat,
630 1344 706 1389 mox
735 1324 880 1390 uberiore
904 1322 1070 1391 Garruccii
1093 1347 1178 1392 com·

44 1430 190 1496 nantario
215 1429 382 1496 constabit
408 1431 441 1496 in
464 1429 648 1496 Annalibus
676 1431 825 1498 Instituti
854 1431 1092 1518 arebaeologici
1114 1431 1177 1498 Ro·

44 1537 120 1602 mani
150 1537 330 1622 proditura.
376 1537 415 1604 In
447 1537 563 1604 borum
593 1539 696 1624 igitur
728 1536 899 1604 titulorum
932 1539 977 1603 eis
1006 1538 1077 1623 qui,
1108 1540 1135 1604 si
1158 1563 1178 1604 a

43 1645 214 1710 litterarum
238 1643 355 1710 formis
379 1645 461 1711 satis
485 1645 705 1732 singularibus
729 1645 864 1730 ipsoque
883 1667 978 1712 cursu
999 1646 1177 1730 scripturae

42 1752 231 1838 discesseris,
261 1775 281 1817 a
307 1753 466 1838 pristinae
495 1753 669 1820 latinitatis
698 1752 804 1838 specie
833 1753 980 1838 proximo
1004 1753 1177 1822 intervallo

42 1860 162 1936 distant.
190 1859 293 1924 etiam
321 1857 375 1922 hic
402 1863 451 1924 est
474 1880 570 1944 quem
599 1859 685 1925 infra
708 1859 801 1945 posui
824 1859 952 1945 qualem
977 1859 1081 1926 denuo
1104 1883 1176 1928 exa-

41 1967 151 2034 minato
175 1965 286 2052 lapide
311 1966 483 2052 legendum
506 1988 575 2033 esse
600 1965 771 2054 Adolphus
796 1967 1014 2057 Kiesslingius
1037 1991 1088 2036 me
1113 1992 1176 2036 cer-

43 2074 146 2142 tiorem
168 2075 264 2143 fecit:

267 2197 780 2267 Tluoaoaltoutlulo-

265 2305 957 2376 NVlt·FI·POP·PIITRVNHS·OII·F

41 2429 186 2498 Vticam
216 2456 289 2498 esse
317 2438 440 2498 certum
468 2434 655 2499 Petrunes
683 2456 803 2500 nomen
830 2439 977 2520 apparet,
1005 2435 1037 2501 b.
1057 2457 1083 2500 e.
1107 2437 1229 2504 Pe-vn

41 2541 196 2627 ironias,
220 2544 259 2607 ut
282 2540 415 2606 verbum
439 2562 506 2606 non
529 2541 669 2626 amplius
693 2540 855 2627 addam.*)

118 2647 276 2734 Superest
293 2652 330 2714 ut
348 2647 504 2734 quaedam
524 2670 628 2733 nuper
647 2672 666 2714 a
685 2671 737 2714 me
756 2650 926 2734 proposita
945 2651 996 2716 vel
1015 2650 1175 2736 corrigam

42 2755 82 2818 vel
104 2756 228 2821 firmem
258 2760 292 2821 st
317 2755 495 2823 defendam.
544 2755 589 2822 Et
615 2757 756 2842 primum
783 2757 914 2841 quidem
938 2757 1175 2825 BARNAEVS

42 2861 183 2946 nominis,
215 2863 257 2927 da
286 2883 349 2947 quo
382 2861 447 2926 dixi
475 2885 506 2948 p.
530 2865 571 2928 21
605 2864 685 2945 [464
708 2866 770 2948 sq]
799 2863 884 2947 adn,
920 2885 1040 2930 novum
1072 2887 1177 2950 nuper

42 2970 212 3054 exemplum
236 2969 359 3054 prodiit
387 2990 425 3033 ex
453 2969 618 3054 epitaphio
642 2969 841 3056 Mogontiaci
863 2975 1005 3056 reperto,
1032 2971 1119 3058 quod
1141 2973 1176 3039 in

43 3071 297 3162 ‘blittheiluugsn
320 3076 376 3141 dea
400 3075 638 3163 (Franklurter)
658 3076 796 3144 Vereins
819 3078 873 3143 fur
893 3076 1086 3145 Gsscbicbte
1110 3081 1175 3146 uud

44 3179 354 3250 ,llterthumskunde'
378 3187 401 3249 t.
419 3182 452 3248 ΙΙ
475 3207 506 3268 p.
528 3185 590 3250 118
610 3207 679 3270 sqq.
702 3183 727 3252 I.
746 3185 906 3252 Beckarus
929 3184 1175 3254 Francofurten·

44 3288 81 3351 a
101 3292 163 3356 au
186 3287 359 3378 casseu:

120 3483 247 3551 ⁶)‘Sero
270 3484 300 3540 in
322 3501 421 3540 manus
445 3487 554 3542 nostras
573 3487 725 3544 Annalium
748 3488 875 3546 instituti
897 3489 1105 3562 archacologici
1123 3491 1175 3548 lio·

45 3572 110 3625 mani
126 3573 257 3629 volumen
276 3573 381 3628 xxxu
399 3575 434 3644 (a.
454 3577 531 3646 1860)
554 3577 695 3648 pervenit,
719 3577 748 3632 in
772 3595 828 3650 quo
851 3594 936 3650 supra
958 3595 976 3634 a
999 3579 1079 3635 nobis
1102 3596 1175 3634 com·

45 3664 215 3718 memoratam
239 3663 353 3718 titulum
375 3665 514 3721 Faliscum
538 3665 597 3736 ipse
622 3667 787 3722 Garruccius
815 3668 942 3738 exemplo
971 3669 1175 3738 chalcograpbo

46 3747 243 3815 exprimendam
262 3753 373 3809 curant
390 3752 448 3808 ub.
464 3755 497 3808 H
512 3773 538 3809 ιι.
556 3761 597 3822 18,
615 3755 657 3810 ita
675 3759 770 3812 autem
789 3757 990 3827 interpretatus
1010 3757 1054 3812 est
1072 3775 1099 3826 p.
1114 3761 1175 3826 878,

46 3838 72 3930 ut
89 3843 196 3896 nostras
220 3841 349 3897 lectionis
376 3841 595 3914 haudquaquam
623 3863 674 3900 nos
702 3845 866 3916 paeniteat!
914 3844 1109 3900 addendum
1137 3861 1175 3900 ax

46 3925 142 3990 ipsius
160 3930 326 3997 prooemii
349 3929 419 3987 fine
439 3951 465 4002 p.
485 3933 531 3988 lx.
552 3963 583 3974 -
605 3933 668 3988 ‘Die
687 3934 801 4004 basnag
820 3935 872 3991 rlar
890 3935 951 3990 hier
969 3935 1175 4004 besprocbenen

47 4011 208 4072 laliacisoban
227 4019 359 4076 Insclrrift
377 4021 430 4076 mit
448 4023 498 4077 der
516 4021 599 4078 Form
620 4023 754 4078 Petrum
772 4043 798 4078 u.
813 4042 834 4081 s.
849 4041 881 4079 ιι.
902 4023 1040 4093 bestatigt
1060 4039 1089 4078 so
1105 4023 1176 4080 eben

47 4101 108 4197 aucb
130 4103 271 4162 Detlelaan
293 4107 332 4162 im
356 4109 471 4164 Bullstt.
495 4111 521 4166 d.
542 4109 608 4166 lust.
630 4117 696 4166 1861
717 4129 744 4180 p.
762 4118 821 4180 168,
844 4111 897 4168 mit
920 4111 972 4166 dcr
993 4110 1175 4183 anderweitig

47 4193 235 4250 interessenten
248 4195 451 4269 Berichtigong
470 4199 519 4254 des
531 4199 592 4269 Pop
610 4199 639 4255 ia
654 4200 713 4255 Pob
731 4201 788 4256 und
808 4201 872 4256 dem
887 4201 986 4254 Zusata
1000 4215 1046 4254 am
1061 4201 1175 4257 Schluss

49 4275 267 4428 [ἤι’]ξῖἕιιὲἓίιιῆῖ
300 4287 499 4342 Auctarium
519 4287 707 4345 Ritscbclii
726 4289 835 4345 Musei
849 4289 950 4345 Rhea.
969 4291 989 4345 t
1005 4288 1068 4344 XVI
1082 4291 1175 4362 (1861)

49 4380 64 4432 p
109 4457 148 4524 ”l
167 4461 230 4518 ‘Dis
246 4461 511 4524 hier'wiederbolte
530 4467 661 4524 laschrift
683 4468 731 4539 ist,
755 4467 808 4524 wis
831 4467 877 4524 ich
901 4485 932 4524 so
951 4469 1021 4524 aben
1039 4487 1091 4526 aas
1109 4469 1175 4528 Ger·

51 4539 130 4603 hard's
147 4549 271 4610 mahtai.
285 4555 423 4628 Anaeiger
442 4561 508 4612 1861
528 4574 555 4629 p.
571 4562 640 4614 208*
659 4559 764 4630 arsabo,
783 4577 838 4616 von
851 4559 1007 4616 Mommsen
1026 4563 1113 4620 etwas
1127 4581 1174 4620 aa·
