3008 5118
314 327 379 390 310
421 359 423 363 ·
538 344 585 389 ns
610 343 741 390 mrvno
765 342 921 390 narsico
945 339 1228 388 nannaesirsno
1490 359 1491 396 ,

1490 419 1491 460 l

266 512 300 552 rv
314 486 473 570 publicati
492 486 618 571 publice
637 489 806 551 tractaret:
826 507 891 550 non
909 485 1010 570 igitur
1030 484 1177 548 dubitare
1196 504 1229 546 se
1239 484 1430 598 pamreniam
1490 471 1491 554 l

316 596 480 676 tamquam
506 593 614 677 aliqua
637 593 780 657 cessione
805 593 839 656 in
863 614 913 656 me
933 592 1088 656 conferre.
1120 589 1212 667 Quae
1231 612 1299 654 curu
1315 589 1355 652 ita
1371 589 1434 670 sini,
1490 573 1491 644 l

315 723 381 765 non
404 701 593 784 gravabitur
616 706 694 784 puto
718 700 866 785 plurimis
896 699 975 763 mihi
1003 719 1184 783 propensae
1207 696 1369 761 voluntatis
1389 696 1434 758 do·

317 805 473 870 sumentis
497 811 647 888 expertus
671 829 827 890 carusque
857 807 960 870 editor
982 805 1159 888 Romanus,
1182 805 1211 869 si
1235 807 1355 887 acceptu
1375 825 1435 865 con·

316 913 449 997 dicione,
472 935 567 997 quam
587 913 659 996 ipsa
678 912 885 997 suppeditare
901 912 1137 996 Opportunitas
1157 911 1227 974 visa
1242 913 1298 991 est,
1316 908 1437 991 inopiam

317 1040 421 1082 meam
441 1018 660 1083 sublevavero
693 1019 922 1084 Transcribam
942 1019 1043 1102 igitur
1063 1017 1197 1082 titulum
1217 1015 1339 1100 qualern
1353 1013 1439 1077 Hen-

317 1147 432 1188 zenue
455 1126 543 1210 typis
567 1125 811 1209 exprimendum
835 1126 975 1209 curavit,
1006 1125 1159 1189 subiectis
1189 1145 1269 1207 quas
1296 1123 1358 1206 ipse
1379 1121 1439 1183 sub·

318 1232 395 1296 iecit
417 1233 688 1297 adnotationibus.

408 1375 504 1439 5716.
541 1390 688 1445 summo
717 1380 947 1444 soaTVNATo
971 1391 981 1458 ιι
1003 1389 1109 1443 visvs
1138 1386 1272 1441 nissen
1300 1376 1432 1450 sonum

320 1494 451 1548 inissa
470 1484 594 1549 PATER
618 1496 804 1566 sinujuvs
818 1497 837 1564 ¹)
861 1488 963 1553 Iovis
982 1496 1005 1549 n
1025 1495 1180 1549 svenne
1194 1495 1204 1561 n
1218 1485 1341 1547 nsTvs
1359 1491 1440 1545 nisis

318 1590 697 1669 NucNo[,vAT10Nnn
728 1602 841 1656 osric
874 1605 883 1671 l
918 1601 1045 1656 nouvs
1078 1600 1278 1656 susurros«
1299 1601 1309 1668 r
1330 1589 1441 1652 vulin

319 1706 390 1761 nso
415 1688 609 1761 ursulam*
633 1709 643 1776 η
666 1707 744 1762 issu
769 1707 920 1762 casinis
945 1708 1040 1762 unns
1064 1707 1163 1762 naec
1187 1707 1265 1762 ovn
1288 1683 1437 1759 Prisco*

318 1813 436 1868 runos
462 1817 472 1881 l
499 1813 571 1867 Hoc
594 1813 749 1867 nunnus
778 1813 925 1868 nosruo
946 1819 956 1881 l
979 1804 1095 1868 uuTis
1124 1800 1277 1867 sosoma
1303 1809 1433 1874 nurse!

318 1921 446 1974 FACIAS
470 1901 592 1974 vbnnn
616 1921 748 1974 nonan
767 1924 776 1989 l
791 1891 902 1974 nond
908 1923 926 1975 s
946 1920 1088 1975 uvrsns
1112 1921 1284 1989 floreas
1306 1908 1440 1973 mrim

319 2025 668 2095 CORONsijTVMQVEb
684 2058 715 2065 -
736 2011 924 2077 Lambaese.
947 2011 1058 2077 Descr.
1083 2013 1213 2096 quidam
1238 2007 1440 2093 Franeogallo·

320 2141 391 2181 rum
402 2141 439 2182 eo
450 2118 483 2181 in
495 2117 626 2181 exilium
637 2119 819 2202 missorum,
828 2119 971 2203 mihique
983 2118 1071 2183 dedit
1082 2119 1245 2184 v.cl.Noiil
1257 2117 1312 2182 des
1319 2115 1440 2198 vergea

410 2261 435 2326 1)
455 2257 528 2310 Num
547 2256 589 2310 ita
607 2256 697 2310 dictus
716 2274 766 2325 pro
785 2258 918 2311 binroicr?
942 2288 977 2296 -
1001 2259 1071 2312 Utut
1096 2262 1151 2326 est,
1175 2258 1229 2312 hoc
1252 2261 1328 2312 certe
1350 2259 1439 2311 conset
1485 2274 1489 2291 ·

320 2347 450 2400 Liberum
470 2350 579 2415 patrem
602 2364 664 2399 cum
683 2346 807 2414 Dionyso
827 2347 951 2401 Semeles
975 2347 1032 2401 filio
1060 2348 1144 2416 plane
1168 2347 1310 2402 confundi
1376 2348 1398 2397 ll
1413 2342 1440 2394 be
1485 2336 1491 2358 '¹

321 2437 524 2506 symplegmate
544 2435 590 2504 agi
610 2434 720 2489 videtur
739 2435 841 2489 Bacchi
861 2439 890 2489 et
909 2435 1032 2502 Panisci,
1059 2435 1136 2489 cuius
1154 2435 1235 2489 basin
1252 2435 1367 2489 Altinius
1383 2447 1438 2485 reno

321 2528 443 2580 vaserat.
516 2528 543 2594 3)
563 2525 639 2579 Nota
658 2524 821 2578 sollemnem
841 2525 1041 2580 sacrificiorum
1056 2524 1215 2591 formulam,
1234 2523 1263 2578 in
1282 2519 1438 2592 inscriptioni·

321 2616 381 2682 bus,
396 2613 424 2668 ni
438 2614 529 2682 fallor,
543 2631 687 2682 nunquam
701 2616 784 2667 antea
797 2616 945 2682 repertam.
973 2614 1085 2669 Domini
1100 2613 1159 2683 ipse
1173 2613 1305 2669 videntur
1318 2610 1438 2668 csseLiber
1486 2620 1487 2626 ¹

321 2707 403 2775 pater
426 2707 455 2758 et
478 2702 623 2770 Paniscus,
652 2701 752 2772 quibus
775 2720 889 2757 munere
918 2707 947 2757 et
970 2703 1089 2769 honore,
1114 2703 1132 2760 i.
1152 2721 1176 2758 e.
1196 2702 1261 2778 ¹tussi
1286 2707 1438 2757 renovans
1480 2660 1489 2843 Ι

322 2796 463 2862 coronata,
483 2792 550 2847 eatis
569 2793 676 2847 fecerat
693 2791 820 2846 Altinius.

410 2956 459 3020 De
489 2957 535 3022 rei
565 2978 691 3020 summa
719 2956 795 3019 nolo
825 2956 942 3041 longus
971 2979 1055 3021 esse:
1092 2979 1151 3021 nec
1181 2953 1325 3022 Saturnii
1354 2965 1437 3014 versus
1480 2954 1488 3021 ,³

324 3070 398 3128 sunt
420 3086 478 3128 nec
501 3062 598 3144 nulli,
627 3061 682 3125 sed
706 3085 780 3126 raro
804 3062 839 3126 in
862 3063 968 3126 titulis
992 3063 1140 3146 exemplo
1168 3062 1267 3127 ionici
1296 3085 1315 3126 a
1336 3058 1437 3123 minore.
1481 3048 1488 3129 l

323 3171 441 3254 partim
466 3169 538 3253 puri
562 3171 601 3234 ad
624 3170 708 3235 hanc
730 3173 869 3236 formam
1482 3132 1490 3353 1

762 3292 869 3326 [UL-
904 3291 1031 3326 uss-'V

324 3366 444 3448 partim
468 3387 525 3449 per
547 3363 718 3430 dvo'trlocrv
742 3365 788 3430 sio
811 3365 908 3432 fracti
1014 3319 1028 3325 -
1484 3356 1490 3441 l

772 3487 808 3521 w
826 3490 842 3521 L
861 3485 879 3521 ῡ
897 3513 914 3522 -
932 3484 951 3522 Q
969 3489 985 3522 L
1003 3487 1022 3523 b.)

326 3560 411 3635 Quos
435 3561 495 3625 etsi
519 3561 600 3625 nihil
625 3560 759 3644 impedit
783 3562 955 3645 quominus
980 3565 1104 3644 septem
1131 3560 1327 3624 tetrametris
1347 3547 1433 3619 descri-

325 3669 393 3752 bas,
412 3673 519 3733 tamen
539 3690 604 3732 non
624 3691 689 3732 una
709 3690 759 3731 me
779 3691 894 3733 caussa
913 3671 1023 3734 movet
1041 3690 1097 3732 cur
1110 3667 1258 3732 dimetris
1272 3665 1369 3750 potius
1383 3658 1433 3721 b&

326 3775 560 3841 Anacreonteis
584 3774 819 3840 concludendos
843 3780 953 3858 putem
978 3777 1011 3840 in
1033 3774 1118 3840 hanc
1143 3774 1298 3857 speciem:

583 3897 732 3964 Alfinio
757 3897 973 3963 Fortunato

583 4005 700 4069 Visus
725 4006 851 4070 disere
876 4006 1024 4070 somnio

582 4112 720 4177 Leiber
743 4117 855 4195 pater
877 4112 1062 4195 bimatus,

584 4220 690 4285 Iouis
715 4222 732 4283 e‘
755 4220 915 4284 fulmine
939 4222 1068 4303 nritus,

585 4327 697 4391 Basis
721 4327 817 4392 hano
840 4327 1089 4391 nouatidnem

585 4433 707 4502 Genid
732 4435 863 4499 domus
888 4434 1124 4498 sacr-lindam.
