<?xml version="1.0" encoding="UTF-8"?>
<!DOCTYPE html PUBLIC "-//W3C//DTD XHTML 1.0 Transitional//EN"
    "http://www.w3.org/TR/xhtml1/DTD/xhtml1-transitional.dtd">
<html xmlns="http://www.w3.org/1999/xhtml" xml:lang="en" lang="en">
 <head>
  <title>
</title>
<meta http-equiv="Content-Type" content="text/html;charset=utf-8" />
  <meta name='ocr-system' content='tesseract 3.04.00' />
  <meta name='ocr-capabilities' content='ocr_page ocr_carea ocr_par ocr_line ocrx_word'/>
</head>
<body>
  <div class='ocr_page' id='page_1' title='image "./fridericiritsch03ritsgoog_0764.png"; bbox 0 0 3090 5118; ppageno 0'>
   <div class='ocr_carea' id='block_1_1' title="bbox 186 379 1220 452">
    <p class='ocr_par' dir='ltr' id='par_1_1' title="bbox 186 379 1220 452">
     <span class='ocr_line' id='line_1_1' title="bbox 186 379 1220 452; baseline 0.002 -2"><span class='ocrx_word' id='word_1_1' title='bbox 186 403 253 452; x_wconf 84' lang='lat' dir='ltr'>zuu</span> <span class='ocrx_word' id='word_1_2' title='bbox 272 379 497 450; x_wconf 81' lang='lat' dir='ltr'>&#39;ouscfflcura</span> <span class='ocrx_word' id='word_1_3' title='bbox 520 400 587 449; x_wconf 87' lang='lat' dir='ltr'>uas</span> <span class='ocrx_word' id='word_1_4' title='bbox 613 399 871 449; x_wconf 73' lang='lat' dir='ltr'>uarmmscuuu</span> <span class='ocrx_word' id='word_1_5' title='bbox 895 401 1109 452; x_wconf 75' lang='lat' dir='ltr'>ALPHABETS.</span> <span class='ocrx_word' id='word_1_6' title='bbox 1155 387 1220 452; x_wconf 73' lang='lat'>725</span> 
     </span>
    </p>
   </div>
   <div class='ocr_carea' id='block_1_2' title="bbox 77 541 1328 1892">
    <p class='ocr_par' dir='ltr' id='par_1_2' title="bbox 77 541 1328 1892">
     <span class='ocr_line' id='line_1_2' title="bbox 163 541 1221 629; baseline 0 -19"><span class='ocrx_word' id='word_1_7' title='bbox 163 545 225 610; x_wconf 88' lang='lat' dir='ltr'>Mit</span> <span class='ocrx_word' id='word_1_8' title='bbox 242 545 305 611; x_wconf 89' lang='lat' dir='ltr'>deu</span> <span class='ocrx_word' id='word_1_9' title='bbox 323 545 560 610; x_wconf 85' lang='lat' dir='ltr'>vorstehendeu</span> <span class='ocrx_word' id='word_1_10' title='bbox 578 541 825 629; x_wconf 88' lang='lat' dir='ltr'>Bemerkuugeu</span> <span class='ocrx_word' id='word_1_11' title='bbox 847 543 966 629; x_wconf 85' lang='lat' dir='ltr'>glaube</span> <span class='ocrx_word' id='word_1_12' title='bbox 989 544 1043 610; x_wconf 91' lang='lat' dir='ltr'>ich</span> <span class='ocrx_word' id='word_1_13' title='bbox 1062 568 1148 610; x_wconf 84' lang='lat' dir='ltr'>zuar</span> <span class='ocrx_word' id='word_1_14' title='bbox 1170 546 1221 611; x_wconf 91' lang='lat' dir='ltr'>die</span> 
     </span>
     <span class='ocr_line' id='line_1_3' title="bbox 82 634 1328 737; baseline 0.001 -21"><span class='ocrx_word' id='word_1_15' title='bbox 82 651 467 737; x_wconf 83' lang='lat' dir='ltr'>Hauptgesichtspunkte,</span> <span class='ocrx_word' id='word_1_16' title='bbox 505 650 556 716; x_wconf 90' lang='lat' dir='ltr'>die</span> <span class='ocrx_word' id='word_1_17' title='bbox 588 651 640 714; x_wconf 82' lang='lat' dir='ltr'>fur</span> <span class='ocrx_word' id='word_1_18' title='bbox 676 651 727 716; x_wconf 90' lang='lat' dir='ltr'>die</span> <span class='ocrx_word' id='word_1_19' title='bbox 760 651 861 716; x_wconf 72' lang='lat' dir='ltr'>altere</span> <span class='ocrx_word' id='word_1_20' title='bbox 893 650 1084 716; x_wconf 87' lang='lat' dir='ltr'>lateinische</span> <span class='ocrx_word' id='word_1_21' title='bbox 1116 651 1221 718; x_wconf 87' lang='lat' dir='ltr'>Buch-</span> <span class='ocrx_word' id='word_1_22' title='bbox 1327 634 1328 638; x_wconf 7' lang='grc' dir='ltr'><strong>Ἰ</strong></span> 
     </span>
     <span class='ocr_line' id='line_1_4' title="bbox 81 757 1221 845; baseline 0.002 -23"><span class='ocrx_word' id='word_1_23' title='bbox 81 758 377 843; x_wconf 86' lang='lat' dir='ltr'>atsbengeschichte</span> <span class='ocrx_word' id='word_1_24' title='bbox 409 758 443 822; x_wconf 92' lang='lat' dir='ltr'>iu</span> <span class='ocrx_word' id='word_1_25' title='bbox 475 757 632 822; x_wconf 82' lang='lat' dir='ltr'>Batracht</span> <span class='ocrx_word' id='word_1_26' title='bbox 663 757 829 842; x_wconf 89' lang='lat' dir='ltr'>kommen,</span> <span class='ocrx_word' id='word_1_27' title='bbox 865 757 1002 822; x_wconf 73' lang='lat' dir='ltr'>berthrt</span> <span class='ocrx_word' id='word_1_28' title='bbox 1034 781 1072 822; x_wconf 88' lang='lat' dir='ltr'>zu</span> <span class='ocrx_word' id='word_1_29' title='bbox 1104 759 1221 845; x_wconf 87' lang='lat' dir='ltr'>haben,</span> 
     </span>
     <span class='ocr_line' id='line_1_5' title="bbox 82 863 1221 950; baseline 0.001 -20"><span class='ocrx_word' id='word_1_30' title='bbox 82 866 233 931; x_wconf 87' lang='lat' dir='ltr'>verkenue</span> <span class='ocrx_word' id='word_1_31' title='bbox 256 865 333 930; x_wconf 87' lang='lat' dir='ltr'>aber</span> <span class='ocrx_word' id='word_1_32' title='bbox 354 865 589 950; x_wconf 82' lang='lat' dir='ltr'>keineswegca‚</span> <span class='ocrx_word' id='word_1_33' title='bbox 613 865 688 930; x_wconf 89' lang='lat' dir='ltr'>dass</span> <span class='ocrx_word' id='word_1_34' title='bbox 711 863 794 929; x_wconf 92' lang='lat' dir='ltr'>noch</span> <span class='ocrx_word' id='word_1_35' title='bbox 819 864 955 930; x_wconf 90' lang='lat' dir='ltr'>manche</span> <span class='ocrx_word' id='word_1_36' title='bbox 979 865 1119 930; x_wconf 87' lang='lat' dir='ltr'>kleiuere</span> <span class='ocrx_word' id='word_1_37' title='bbox 1143 867 1221 931; x_wconf 89' lang='lat' dir='ltr'>oder</span> 
     </span>
     <span class='ocr_line' id='line_1_6' title="bbox 81 970 1262 1059; baseline 0.001 -23"><span class='ocrx_word' id='word_1_38' title='bbox 81 972 157 1036; x_wconf 89' lang='lat' dir='ltr'>auch</span> <span class='ocrx_word' id='word_1_39' title='bbox 180 977 328 1059; x_wconf 76' lang='lat' dir='ltr'>griissere</span> <span class='ocrx_word' id='word_1_40' title='bbox 348 971 456 1036; x_wconf 83' lang='lat' dir='ltr'>Liicke</span> <span class='ocrx_word' id='word_1_41' title='bbox 475 971 689 1056; x_wconf 84' lang='lat' dir='ltr'>auszufitllen,</span> <span class='ocrx_word' id='word_1_42' title='bbox 712 970 794 1035; x_wconf 92' lang='lat' dir='ltr'>noch</span> <span class='ocrx_word' id='word_1_43' title='bbox 819 970 954 1036; x_wconf 82' lang='lat' dir='ltr'><strong>manche</strong></span> <span class='ocrx_word' id='word_1_44' title='bbox 977 971 1068 1036; x_wconf 86' lang='lat' dir='ltr'>nicht</span> <span class='ocrx_word' id='word_1_45' title='bbox 1087 978 1221 1038; x_wconf 77' lang='lat' dir='ltr'>uundtz·</span> <span class='ocrx_word' id='word_1_46' title='bbox 1259 995 1262 1002; x_wconf 82' lang='grc'><strong><em>’</em></strong></span> 
     </span>
     <span class='ocr_line' id='line_1_7' title="bbox 80 1077 1220 1166; baseline 0.004 -26"><span class='ocrx_word' id='word_1_47' title='bbox 80 1077 159 1143; x_wconf 86' lang='lat' dir='ltr'>licha</span> <span class='ocrx_word' id='word_1_48' title='bbox 181 1077 419 1166; x_wconf 83' lang='lat' dir='ltr'>Beobachtung</span> <span class='ocrx_word' id='word_1_49' title='bbox 442 1099 481 1142; x_wconf 84' lang='lat' dir='ltr'>zu</span> <span class='ocrx_word' id='word_1_50' title='bbox 504 1077 641 1142; x_wconf 81' lang='lat' dir='ltr'>macheu</span> <span class='ocrx_word' id='word_1_51' title='bbox 663 1078 729 1144; x_wconf 92' lang='lat' dir='ltr'>uud</span> <span class='ocrx_word' id='word_1_52' title='bbox 753 1077 969 1142; x_wconf 82' lang='lat' dir='ltr'>auszufiihreu</span> <span class='ocrx_word' id='word_1_53' title='bbox 991 1077 1103 1144; x_wconf 90' lang='lat' dir='ltr'>bleibt.</span> <span class='ocrx_word' id='word_1_54' title='bbox 1142 1077 1220 1144; x_wconf 91' lang='lat' dir='ltr'>Der-</span> 
     </span>
     <span class='ocr_line' id='line_1_8' title="bbox 80 1184 1220 1272; baseline 0.004 -25"><span class='ocrx_word' id='word_1_55' title='bbox 80 1184 223 1268; x_wconf 87' lang='lat' dir='ltr'>gleicheu</span> <span class='ocrx_word' id='word_1_56' title='bbox 248 1184 488 1271; x_wconf 78' lang='lat' dir='ltr'>Erg‘auunngeu</span> <span class='ocrx_word' id='word_1_57' title='bbox 512 1185 641 1250; x_wconf 76' lang='lat' dir='ltr'>mbchte</span> <span class='ocrx_word' id='word_1_58' title='bbox 663 1185 715 1250; x_wconf 92' lang='lat' dir='ltr'>ich</span> <span class='ocrx_word' id='word_1_59' title='bbox 740 1185 831 1270; x_wconf 87' lang='lat' dir='ltr'>aber,</span> <span class='ocrx_word' id='word_1_60' title='bbox 859 1185 1047 1272; x_wconf 87' lang='lat' dir='ltr'>augcsichts</span> <span class='ocrx_word' id='word_1_61' title='bbox 1071 1208 1107 1250; x_wconf 91' lang='lat' dir='ltr'>so</span> <span class='ocrx_word' id='word_1_62' title='bbox 1132 1208 1220 1252; x_wconf 91' lang='lat' dir='ltr'>man-</span> 
     </span>
     <span class='ocr_line' id='line_1_9' title="bbox 80 1290 1221 1379; baseline 0.004 -25"><span class='ocrx_word' id='word_1_63' title='bbox 80 1290 151 1355; x_wconf 90' lang='lat' dir='ltr'>cher</span> <span class='ocrx_word' id='word_1_64' title='bbox 177 1291 299 1357; x_wconf 87' lang='lat' dir='ltr'>andern</span> <span class='ocrx_word' id='word_1_65' title='bbox 327 1291 490 1379; x_wconf 84' lang='lat' dir='ltr'>Aufgabe,</span> <span class='ocrx_word' id='word_1_66' title='bbox 518 1291 569 1356; x_wconf 92' lang='lat' dir='ltr'>die</span> <span class='ocrx_word' id='word_1_67' title='bbox 596 1291 681 1356; x_wconf 92' lang='lat' dir='ltr'>noch</span> <span class='ocrx_word' id='word_1_68' title='bbox 708 1291 795 1356; x_wconf 80' lang='lat' dir='ltr'>ihrer</span> <span class='ocrx_word' id='word_1_69' title='bbox 822 1291 955 1378; x_wconf 76' lang='lat' dir='ltr'>Lbsung</span> <span class='ocrx_word' id='word_1_70' title='bbox 983 1291 1088 1378; x_wconf 86' lang='lat' dir='ltr'>harrt,</span> <span class='ocrx_word' id='word_1_71' title='bbox 1119 1293 1221 1359; x_wconf 89' lang='lat' dir='ltr'>liebcr</span> 
     </span>
     <span class='ocr_line' id='line_1_10' title="bbox 77 1397 1220 1486; baseline 0.002 -24"><span class='ocrx_word' id='word_1_72' title='bbox 77 1399 211 1486; x_wconf 82' lang='lat' dir='ltr'>jdugeru</span> <span class='ocrx_word' id='word_1_73' title='bbox 231 1399 383 1483; x_wconf 75' lang='lat' dir='ltr'>Kriiften,</span> <span class='ocrx_word' id='word_1_74' title='bbox 405 1398 456 1464; x_wconf 91' lang='lat' dir='ltr'>die</span> <span class='ocrx_word' id='word_1_75' title='bbox 475 1401 559 1462; x_wconf 87' lang='lat' dir='ltr'>etwa</span> <span class='ocrx_word' id='word_1_76' title='bbox 578 1397 647 1462; x_wconf 86' lang='lat' dir='ltr'>sich</span> <span class='ocrx_word' id='word_1_77' title='bbox 666 1398 700 1462; x_wconf 93' lang='lat' dir='ltr'>iu</span> <span class='ocrx_word' id='word_1_78' title='bbox 720 1397 824 1463; x_wconf 88' lang='lat' dir='ltr'>dieses</span> <span class='ocrx_word' id='word_1_79' title='bbox 843 1397 959 1463; x_wconf 84' lang='lat' dir='ltr'>Gebiet</span> <span class='ocrx_word' id='word_1_80' title='bbox 980 1421 1019 1463; x_wconf 90' lang='lat' dir='ltr'>zu</span> <span class='ocrx_word' id='word_1_81' title='bbox 1040 1399 1220 1464; x_wconf 83' lang='lat' dir='ltr'>versenken</span> 
     </span>
     <span class='ocr_line' id='line_1_11' title="bbox 80 1503 1219 1592; baseline 0.003 -23"><span class='ocrx_word' id='word_1_82' title='bbox 80 1504 227 1592; x_wconf 87' lang='lat' dir='ltr'>Neiguug</span> <span class='ocrx_word' id='word_1_83' title='bbox 254 1505 365 1570; x_wconf 83' lang='lat' dir='ltr'>filhleu</span> <span class='ocrx_word' id='word_1_84' title='bbox 395 1509 526 1591; x_wconf 64' lang='lat' dir='ltr'>megan,</span> <span class='ocrx_word' id='word_1_85' title='bbox 556 1503 756 1588; x_wconf 79' lang='lat' dir='ltr'>iiberlassen,</span> <span class='ocrx_word' id='word_1_86' title='bbox 783 1505 891 1570; x_wconf 83' lang='lat' dir='ltr'>iudom</span> <span class='ocrx_word' id='word_1_87' title='bbox 918 1506 972 1570; x_wconf 91' lang='lat' dir='ltr'>ich</span> <span class='ocrx_word' id='word_1_88' title='bbox 998 1507 1219 1572; x_wconf 84' lang='lat' dir='ltr'>meiuestheils</span> 
     </span>
     <span class='ocr_line' id='line_1_12' title="bbox 80 1609 1219 1698; baseline 0.004 -23"><span class='ocrx_word' id='word_1_89' title='bbox 80 1612 237 1678; x_wconf 82' lang='lat' dir='ltr'>aufriedeu</span> <span class='ocrx_word' id='word_1_90' title='bbox 260 1613 317 1677; x_wconf 91' lang='lat' dir='ltr'>bin</span> <span class='ocrx_word' id='word_1_91' title='bbox 340 1613 428 1678; x_wconf 90' lang='lat' dir='ltr'>einer</span> <span class='ocrx_word' id='word_1_92' title='bbox 451 1634 508 1677; x_wconf 84' lang='lat' dir='ltr'>vor</span> <span class='ocrx_word' id='word_1_93' title='bbox 535 1611 655 1676; x_wconf 87' lang='lat' dir='ltr'>bereits</span> <span class='ocrx_word' id='word_1_94' title='bbox 680 1611 773 1676; x_wconf 89' lang='lat' dir='ltr'>scchs</span> <span class='ocrx_word' id='word_1_95' title='bbox 795 1609 921 1676; x_wconf 87' lang='lat' dir='ltr'>Jahren</span> <span class='ocrx_word' id='word_1_96' title='bbox 948 1614 1136 1698; x_wconf 84' lang='lat' dir='ltr'>gegebenen</span> <span class='ocrx_word' id='word_1_97' title='bbox 1159 1613 1219 1678; x_wconf 88' lang='lat' dir='ltr'>Zu-</span> 
     </span>
     <span class='ocr_line' id='line_1_13' title="bbox 81 1717 1220 1805; baseline 0.002 -23"><span class='ocrx_word' id='word_1_98' title='bbox 81 1717 198 1805; x_wconf 83' lang='lat' dir='ltr'>aage⁴¹)</span> <span class='ocrx_word' id='word_1_99' title='bbox 222 1719 355 1785; x_wconf 91' lang='lat' dir='ltr'>hiermit</span> <span class='ocrx_word' id='word_1_100' title='bbox 377 1719 573 1804; x_wconf 84' lang='lat' dir='ltr'>wenigsteua</span> <span class='ocrx_word' id='word_1_101' title='bbox 598 1718 632 1782; x_wconf 89' lang='lat' dir='ltr'>in</span> <span class='ocrx_word' id='word_1_102' title='bbox 651 1717 867 1804; x_wconf 81' lang='lat' dir='ltr'>Grundzitgcn</span> <span class='ocrx_word' id='word_1_103' title='bbox 890 1720 1023 1804; x_wconf 88' lang='lat' dir='ltr'>gerecht</span> <span class='ocrx_word' id='word_1_104' title='bbox 1045 1721 1220 1804; x_wconf 88' lang='lat' dir='ltr'>gewordeu</span> 
     </span>
     <span class='ocr_line' id='line_1_14' title="bbox 80 1847 1097 1892; baseline 0.006 -4"><span class='ocrx_word' id='word_1_105' title='bbox 80 1847 114 1889; x_wconf 89' lang='lat' dir='ltr'>zu</span> <span class='ocrx_word' id='word_1_106' title='bbox 135 1849 213 1892; x_wconf 84' lang='lat' dir='ltr'>seru.</span> <span class='ocrx_word' id='word_1_107' title='bbox 1091 1847 1097 1854; x_wconf 88' lang='lat'><em>·</em></span> 
     </span>
    </p>
   </div>
   <div class='ocr_carea' id='block_1_3' title="bbox 77 2011 1257 4418">
    <p class='ocr_par' dir='ltr' id='par_1_3' title="bbox 77 2011 1257 4418">
     <span class='ocr_line' id='line_1_15' title="bbox 145 2011 1219 2108; baseline 0 -18"><span class='ocrx_word' id='word_1_108' title='bbox 145 2035 178 2104; x_wconf 86' lang='lat'>⁴¹)</span> <span class='ocrx_word' id='word_1_109' title='bbox 198 2037 231 2091; x_wconf 92' lang='lat' dir='ltr'>ln</span> <span class='ocrx_word' id='word_1_110' title='bbox 249 2036 302 2092; x_wconf 90' lang='lat' dir='ltr'>den</span> <span class='ocrx_word' id='word_1_111' title='bbox 322 2011 640 2108; x_wconf 63' lang='lat' dir='ltr'>Vorbcmerkuugenau</span> <span class='ocrx_word' id='word_1_112' title='bbox 658 2036 722 2090; x_wconf 88' lang='lat' dir='ltr'>dcnr</span> <span class='ocrx_word' id='word_1_113' title='bbox 741 2035 827 2091; x_wconf 81' lang='lat' dir='ltr'>ludex</span> <span class='ocrx_word' id='word_1_114' title='bbox 844 2036 1094 2106; x_wconf 79' lang='lat' dir='ltr'>palaeographicae</span> <span class='ocrx_word' id='word_1_115' title='bbox 1113 2055 1139 2106; x_wconf 88' lang='lat' dir='ltr'>p.</span> <span class='ocrx_word' id='word_1_116' title='bbox 1160 2043 1219 2104; x_wconf 82' lang='lat'>111,</span> 
     </span>
     <span class='ocr_line' id='line_1_16' title="bbox 80 2123 1219 2181; baseline 0.003 -4"><span class='ocrx_word' id='word_1_117' title='bbox 80 2124 121 2178; x_wconf 91' lang='lat' dir='ltr'>dic</span> <span class='ocrx_word' id='word_1_118' title='bbox 137 2125 182 2179; x_wconf 89' lang='lat' dir='ltr'>ich</span> <span class='ocrx_word' id='word_1_119' title='bbox 198 2123 312 2180; x_wconf 83' lang='lat' dir='ltr'>Grdudc</span> <span class='ocrx_word' id='word_1_120' title='bbox 327 2126 399 2180; x_wconf 87' lang='lat' dir='ltr'>habe</span> <span class='ocrx_word' id='word_1_121' title='bbox 412 2124 475 2180; x_wconf 84' lang='lat' dir='ltr'>hier</span> <span class='ocrx_word' id='word_1_122' title='bbox 488 2143 550 2178; x_wconf 82' lang='lat' dir='ltr'>aum</span> <span class='ocrx_word' id='word_1_123' title='bbox 565 2126 677 2179; x_wconf 81' lang='lat' dir='ltr'>Schluss</span> <span class='ocrx_word' id='word_1_124' title='bbox 693 2125 820 2181; x_wconf 75' lang='lat' dir='ltr'>wortlich</span> <span class='ocrx_word' id='word_1_125' title='bbox 839 2143 873 2178; x_wconf 86' lang='lat' dir='ltr'>au</span> <span class='ocrx_word' id='word_1_126' title='bbox 891 2123 1091 2178; x_wconf 79' lang='lat' dir='ltr'>wiederholen:</span> <span class='ocrx_word' id='word_1_127' title='bbox 1113 2124 1219 2180; x_wconf 84' lang='lat' dir='ltr'>‘Iudice</span> 
     </span>
     <span class='ocr_line' id='line_1_17' title="bbox 79 2212 1220 2286; baseline 0 -19"><span class='ocrx_word' id='word_1_128' title='bbox 79 2215 127 2268; x_wconf 91' lang='lat' dir='ltr'>hoc</span> <span class='ocrx_word' id='word_1_129' title='bbox 145 2215 382 2286; x_wconf 86' lang='lat' dir='ltr'>palaeographico</span> <span class='ocrx_word' id='word_1_130' title='bbox 401 2231 452 2270; x_wconf 90' lang='lat' dir='ltr'>sua</span> <span class='ocrx_word' id='word_1_131' title='bbox 471 2218 570 2285; x_wconf 85' lang='lat' dir='ltr'>sponte</span> <span class='ocrx_word' id='word_1_132' title='bbox 589 2213 763 2286; x_wconf 87' lang='lat' dir='ltr'>intellegitur</span> <span class='ocrx_word' id='word_1_133' title='bbox 782 2213 976 2269; x_wconf 81' lang='lat' dir='ltr'>incredibilem</span> <span class='ocrx_word' id='word_1_134' title='bbox 990 2212 1156 2268; x_wconf 85' lang='lat' dir='ltr'>varietatem</span> <span class='ocrx_word' id='word_1_135' title='bbox 1170 2215 1220 2267; x_wconf 90' lang='lat' dir='ltr'>fin·</span> 
     </span>
     <span class='ocr_line' id='line_1_18' title="bbox 80 2302 1218 2374; baseline -0.002 -16"><span class='ocrx_word' id='word_1_136' title='bbox 80 2305 227 2372; x_wconf 76' lang='lat' dir='ltr'>gendarum</span> <span class='ocrx_word' id='word_1_137' title='bbox 251 2305 423 2374; x_wconf 82' lang='lat' dir='ltr'>litterarum,</span> <span class='ocrx_word' id='word_1_138' title='bbox 452 2320 524 2374; x_wconf 85' lang='lat' dir='ltr'>quae</span> <span class='ocrx_word' id='word_1_139' title='bbox 546 2320 679 2373; x_wconf 86' lang='lat' dir='ltr'>maguam</span> <span class='ocrx_word' id='word_1_140' title='bbox 702 2305 811 2374; x_wconf 87' lang='lat' dir='ltr'>partem</span> <span class='ocrx_word' id='word_1_141' title='bbox 834 2302 880 2357; x_wconf 85' lang='lat' dir='ltr'>vel</span> <span class='ocrx_word' id='word_1_142' title='bbox 903 2302 978 2358; x_wconf 86' lang='lat' dir='ltr'>casui</span> <span class='ocrx_word' id='word_1_143' title='bbox 1001 2303 1048 2358; x_wconf 86' lang='lat' dir='ltr'>vel</span> <span class='ocrx_word' id='word_1_144' title='bbox 1071 2302 1155 2357; x_wconf 88' lang='lat' dir='ltr'>alicui</span> <span class='ocrx_word' id='word_1_145' title='bbox 1178 2302 1218 2356; x_wconf 91' lang='lat' dir='ltr'>in-</span> 
     </span>
     <span class='ocr_line' id='line_1_19' title="bbox 79 2390 1220 2463; baseline 0 -17"><span class='ocrx_word' id='word_1_146' title='bbox 79 2391 238 2463; x_wconf 72' lang='lat' dir='ltr'>diligentiae</span> <span class='ocrx_word' id='word_1_147' title='bbox 253 2398 303 2448; x_wconf 85' lang='lat' dir='ltr'>aut</span> <span class='ocrx_word' id='word_1_148' title='bbox 321 2394 494 2449; x_wconf 75' lang='lat' dir='ltr'>festinationi</span> <span class='ocrx_word' id='word_1_149' title='bbox 508 2393 554 2448; x_wconf 88' lang='lat' dir='ltr'>vel</span> <span class='ocrx_word' id='word_1_150' title='bbox 572 2393 626 2463; x_wconf 87' lang='lat' dir='ltr'>ipsi</span> <span class='ocrx_word' id='word_1_151' title='bbox 641 2409 772 2447; x_wconf 85' lang='lat' dir='ltr'>manuum</span> <span class='ocrx_word' id='word_1_152' title='bbox 787 2391 944 2448; x_wconf 84' lang='lat' dir='ltr'>diversitati</span> <span class='ocrx_word' id='word_1_153' title='bbox 962 2390 1092 2461; x_wconf 84' lang='lat' dir='ltr'>debetur,</span> <span class='ocrx_word' id='word_1_154' title='bbox 1109 2395 1220 2448; x_wconf 89' lang='lat' dir='ltr'>tautum</span> 
     </span>
     <span class='ocr_line' id='line_1_20' title="bbox 79 2481 1218 2559; baseline -0.001 -24"><span class='ocrx_word' id='word_1_155' title='bbox 79 2483 234 2559; x_wconf 84' lang='lat' dir='ltr'>summatim</span> <span class='ocrx_word' id='word_1_156' title='bbox 262 2483 379 2552; x_wconf 90' lang='lat' dir='ltr'>proponi</span> <span class='ocrx_word' id='word_1_157' title='bbox 407 2483 545 2553; x_wconf 83' lang='lat' dir='ltr'>potuisse,</span> <span class='ocrx_word' id='word_1_158' title='bbox 577 2481 631 2536; x_wconf 85' lang='lat' dir='ltr'>uisi</span> <span class='ocrx_word' id='word_1_159' title='bbox 658 2497 758 2537; x_wconf 85' lang='lat' dir='ltr'>novam</span> <span class='ocrx_word' id='word_1_160' title='bbox 787 2497 906 2550; x_wconf 86' lang='lat' dir='ltr'>eamque</span> <span class='ocrx_word' id='word_1_161' title='bbox 934 2481 1021 2534; x_wconf 76' lang='lat' dir='ltr'>ferme</span> <span class='ocrx_word' id='word_1_162' title='bbox 1052 2484 1218 2550; x_wconf 87' lang='lat' dir='ltr'>perpetuam</span> 
     </span>
     <span class='ocr_line' id='line_1_21' title="bbox 80 2569 1257 2643; baseline 0.001 -21"><span class='ocrx_word' id='word_1_163' title='bbox 80 2570 248 2643; x_wconf 86' lang='lat' dir='ltr'>lithographi</span> <span class='ocrx_word' id='word_1_164' title='bbox 266 2571 432 2626; x_wconf 75' lang='lat' dir='ltr'>industriam</span> <span class='ocrx_word' id='word_1_165' title='bbox 446 2571 600 2626; x_wconf 76' lang='lat' dir='ltr'>adsciscere</span> <span class='ocrx_word' id='word_1_166' title='bbox 615 2569 758 2624; x_wconf 84' lang='lat' dir='ltr'>vellemus.</span> <span class='ocrx_word' id='word_1_167' title='bbox 791 2569 872 2624; x_wconf 90' lang='lat' dir='ltr'>Vnde</span> <span class='ocrx_word' id='word_1_168' title='bbox 890 2585 945 2624; x_wconf 91' lang='lat' dir='ltr'>non</span> <span class='ocrx_word' id='word_1_169' title='bbox 963 2569 1101 2624; x_wconf 86' lang='lat' dir='ltr'>mirabere</span> <span class='ocrx_word' id='word_1_170' title='bbox 1119 2573 1217 2638; x_wconf 82' lang='lat' dir='ltr'>suapte</span> <span class='ocrx_word' id='word_1_171' title='bbox 1231 2575 1257 2613; x_wconf 79' lang='lat'>³²</span> 
     </span>
     <span class='ocr_line' id='line_1_22' title="bbox 79 2657 1217 2730; baseline 0 -18"><span class='ocrx_word' id='word_1_172' title='bbox 79 2662 174 2715; x_wconf 87' lang='lat' dir='ltr'>natura</span> <span class='ocrx_word' id='word_1_173' title='bbox 196 2659 344 2730; x_wconf 86' lang='lat' dir='ltr'>ambiguas</span> <span class='ocrx_word' id='word_1_174' title='bbox 372 2659 475 2730; x_wconf 87' lang='lat' dir='ltr'>figuras</span> <span class='ocrx_word' id='word_1_175' title='bbox 500 2659 648 2728; x_wconf 87' lang='lat' dir='ltr'>plurimas,</span> <span class='ocrx_word' id='word_1_176' title='bbox 676 2659 776 2728; x_wconf 84' lang='lat' dir='ltr'>quibus</span> <span class='ocrx_word' id='word_1_177' title='bbox 802 2657 946 2713; x_wconf 84' lang='lat' dir='ltr'>inritandis</span> <span class='ocrx_word' id='word_1_178' title='bbox 973 2657 1217 2726; x_wconf 86' lang='lat' dir='ltr'>discernendisque</span> 
     </span>
     <span class='ocr_line' id='line_1_23' title="bbox 78 2743 1217 2819; baseline 0.002 -19"><span class='ocrx_word' id='word_1_179' title='bbox 78 2746 164 2818; x_wconf 88' lang='lat' dir='ltr'>impar</span> <span class='ocrx_word' id='word_1_180' title='bbox 182 2751 258 2804; x_wconf 84' lang='lat' dir='ltr'>esset</span> <span class='ocrx_word' id='word_1_181' title='bbox 276 2767 320 2804; x_wconf 86' lang='lat' dir='ltr'>ars</span> <span class='ocrx_word' id='word_1_182' title='bbox 338 2747 556 2819; x_wconf 86' lang='lat' dir='ltr'>typographica,</span> <span class='ocrx_word' id='word_1_183' title='bbox 574 2764 624 2818; x_wconf 92' lang='lat' dir='ltr'>pro</span> <span class='ocrx_word' id='word_1_184' title='bbox 644 2765 673 2802; x_wconf 91' lang='lat' dir='ltr'>re</span> <span class='ocrx_word' id='word_1_185' title='bbox 692 2751 759 2803; x_wconf 88' lang='lat' dir='ltr'>nata</span> <span class='ocrx_word' id='word_1_186' title='bbox 776 2745 862 2802; x_wconf 89' lang='lat' dir='ltr'>alicui</span> <span class='ocrx_word' id='word_1_187' title='bbox 879 2746 977 2817; x_wconf 79' lang='lat' dir='ltr'>generi</span> <span class='ocrx_word' id='word_1_188' title='bbox 995 2747 1070 2800; x_wconf 88' lang='lat' dir='ltr'>certo</span> <span class='ocrx_word' id='word_1_189' title='bbox 1088 2743 1217 2814; x_wconf 87' lang='lat' dir='ltr'>tributas,</span> 
     </span>
     <span class='ocr_line' id='line_1_24' title="bbox 79 2831 1217 2906; baseline -0.002 -16"><span class='ocrx_word' id='word_1_190' title='bbox 79 2835 111 2890; x_wconf 85' lang='lat' dir='ltr'>ad</span> <span class='ocrx_word' id='word_1_191' title='bbox 134 2837 211 2892; x_wconf 90' lang='lat' dir='ltr'>cuius</span> <span class='ocrx_word' id='word_1_192' title='bbox 235 2835 302 2892; x_wconf 86' lang='lat' dir='ltr'>illas</span> <span class='ocrx_word' id='word_1_193' title='bbox 326 2835 539 2892; x_wconf 87' lang='lat' dir='ltr'>similitudinem</span> <span class='ocrx_word' id='word_1_194' title='bbox 563 2836 689 2906; x_wconf 85' lang='lat' dir='ltr'>proxima</span> <span class='ocrx_word' id='word_1_195' title='bbox 708 2836 840 2892; x_wconf 85' lang='lat' dir='ltr'>accedere</span> <span class='ocrx_word' id='word_1_196' title='bbox 859 2835 1027 2890; x_wconf 83' lang='lat' dir='ltr'>viderentur.</span> <span class='ocrx_word' id='word_1_197' title='bbox 1065 2831 1141 2900; x_wconf 85' lang='lat' dir='ltr'>Quae</span> <span class='ocrx_word' id='word_1_198' title='bbox 1160 2851 1217 2889; x_wconf 85' lang='lat' dir='ltr'>am-</span> 
     </span>
     <span class='ocr_line' id='line_1_25' title="bbox 78 2924 1218 2996; baseline -0.001 -18"><span class='ocrx_word' id='word_1_199' title='bbox 78 2925 195 2996; x_wconf 81' lang='lat' dir='ltr'>biguitar</span> <span class='ocrx_word' id='word_1_200' title='bbox 211 2928 297 2995; x_wconf 85' lang='lat' dir='ltr'>utque</span> <span class='ocrx_word' id='word_1_201' title='bbox 311 2926 500 2982; x_wconf 84' lang='lat' dir='ltr'>inconstantia</span> <span class='ocrx_word' id='word_1_202' title='bbox 518 2944 581 2980; x_wconf 89' lang='lat' dir='ltr'>cum</span> <span class='ocrx_word' id='word_1_203' title='bbox 600 2925 630 2980; x_wconf 91' lang='lat' dir='ltr'>in</span> <span class='ocrx_word' id='word_1_204' title='bbox 647 2925 739 2980; x_wconf 85' lang='lat' dir='ltr'>titulis</span> <span class='ocrx_word' id='word_1_205' title='bbox 753 2924 929 2996; x_wconf 85' lang='lat' dir='ltr'>Pompeianis</span> <span class='ocrx_word' id='word_1_206' title='bbox 947 2925 1005 2980; x_wconf 90' lang='lat' dir='ltr'>tab.</span> <span class='ocrx_word' id='word_1_207' title='bbox 1025 2930 1066 2979; x_wconf 84' lang='lat'>16.</span> <span class='ocrx_word' id='word_1_208' title='bbox 1087 2930 1118 2978; x_wconf 77' lang='grc'>11</span> <span class='ocrx_word' id='word_1_209' title='bbox 1137 2925 1218 2978; x_wconf 85' lang='lat' dir='ltr'>tanta</span> 
     </span>
     <span class='ocr_line' id='line_1_26' title="bbox 79 3011 1218 3086; baseline -0.001 -19"><span class='ocrx_word' id='word_1_210' title='bbox 79 3014 112 3069; x_wconf 88' lang='lat' dir='ltr'>sit</span> <span class='ocrx_word' id='word_1_211' title='bbox 134 3017 166 3070; x_wconf 90' lang='lat' dir='ltr'>ut</span> <span class='ocrx_word' id='word_1_212' title='bbox 187 3031 276 3086; x_wconf 86' lang='lat' dir='ltr'>prope</span> <span class='ocrx_word' id='word_1_213' title='bbox 294 3031 392 3085; x_wconf 86' lang='lat' dir='ltr'>expers</span> <span class='ocrx_word' id='word_1_214' title='bbox 410 3015 483 3085; x_wconf 90' lang='lat' dir='ltr'>legis</span> <span class='ocrx_word' id='word_1_215' title='bbox 502 3015 617 3081; x_wconf 83' lang='lat' dir='ltr'>eradat,</span> <span class='ocrx_word' id='word_1_216' title='bbox 640 3015 691 3068; x_wconf 85' lang='lat' dir='ltr'>hos</span> <span class='ocrx_word' id='word_1_217' title='bbox 715 3013 827 3083; x_wconf 86' lang='lat' dir='ltr'>quidem</span> <span class='ocrx_word' id='word_1_218' title='bbox 846 3013 933 3068; x_wconf 86' lang='lat' dir='ltr'>satius</span> <span class='ocrx_word' id='word_1_219' title='bbox 956 3012 1022 3067; x_wconf 84' lang='lat' dir='ltr'>duxi</span> <span class='ocrx_word' id='word_1_220' title='bbox 1044 3011 1166 3067; x_wconf 86' lang='lat' dir='ltr'>maxima</span> <span class='ocrx_word' id='word_1_221' title='bbox 1184 3030 1218 3068; x_wconf 85' lang='lat' dir='ltr'>ex</span> 
     </span>
     <span class='ocr_line' id='line_1_27' title="bbox 79 3101 1217 3174; baseline -0.001 -17"><span class='ocrx_word' id='word_1_222' title='bbox 79 3107 152 3171; x_wconf 88' lang='lat' dir='ltr'>parte</span> <span class='ocrx_word' id='word_1_223' title='bbox 170 3121 283 3174; x_wconf 85' lang='lat' dir='ltr'>prorsus</span> <span class='ocrx_word' id='word_1_224' title='bbox 300 3101 535 3174; x_wconf 79' lang='lat' dir='ltr'>praetermittere.</span> <span class='ocrx_word' id='word_1_225' title='bbox 572 3101 631 3158; x_wconf 89' lang='lat' dir='ltr'>Neo</span> <span class='ocrx_word' id='word_1_226' title='bbox 650 3101 769 3158; x_wconf 88' lang='lat' dir='ltr'>multum</span> <span class='ocrx_word' id='word_1_227' title='bbox 788 3101 823 3156; x_wconf 92' lang='lat' dir='ltr'>ab</span> <span class='ocrx_word' id='word_1_228' title='bbox 845 3102 944 3156; x_wconf 89' lang='lat' dir='ltr'>horum</span> <span class='ocrx_word' id='word_1_229' title='bbox 963 3101 1078 3156; x_wconf 85' lang='lat' dir='ltr'>licentia</span> <span class='ocrx_word' id='word_1_230' title='bbox 1096 3102 1142 3155; x_wconf 84' lang='lat' dir='ltr'>vel</span> <span class='ocrx_word' id='word_1_231' title='bbox 1159 3101 1217 3157; x_wconf 81' lang='lat' dir='ltr'>tab.</span> 
     </span>
     <span class='ocr_line' id='line_1_28' title="bbox 81 3188 1218 3262; baseline 0 -18"><span class='ocrx_word' id='word_1_232' title='bbox 81 3197 117 3246; x_wconf 87' lang='grc'>13.</span> <span class='ocrx_word' id='word_1_233' title='bbox 137 3199 168 3248; x_wconf 78' lang='lat' dir='ltr'>lb</span> <span class='ocrx_word' id='word_1_234' title='bbox 193 3193 335 3248; x_wconf 82' lang='lat' dir='ltr'>ve136A</span> <span class='ocrx_word' id='word_1_235' title='bbox 357 3193 477 3248; x_wconf 85' lang='lat' dir='ltr'>distant:</span> <span class='ocrx_word' id='word_1_236' title='bbox 505 3209 590 3262; x_wconf 88' lang='lat' dir='ltr'>quare</span> <span class='ocrx_word' id='word_1_237' title='bbox 613 3207 647 3246; x_wconf 91' lang='lat' dir='ltr'>na</span> <span class='ocrx_word' id='word_1_238' title='bbox 671 3191 701 3246; x_wconf 93' lang='lat' dir='ltr'>iu</span> <span class='ocrx_word' id='word_1_239' title='bbox 724 3190 767 3245; x_wconf 88' lang='lat' dir='ltr'>his</span> <span class='ocrx_word' id='word_1_240' title='bbox 791 3189 904 3259; x_wconf 89' lang='lat' dir='ltr'>quidem</span> <span class='ocrx_word' id='word_1_241' title='bbox 923 3188 1117 3244; x_wconf 82' lang='lat' dir='ltr'>exhauriendis</span> <span class='ocrx_word' id='word_1_242' title='bbox 1136 3189 1218 3244; x_wconf 90' lang='lat' dir='ltr'>nimis</span> 
     </span>
     <span class='ocr_line' id='line_1_29' title="bbox 78 3278 1218 3350; baseline -0.001 -17"><span class='ocrx_word' id='word_1_243' title='bbox 78 3280 216 3338; x_wconf 82' lang='lat' dir='ltr'>desudavi.</span> <span class='ocrx_word' id='word_1_244' title='bbox 254 3281 403 3336; x_wconf 82' lang='lat' dir='ltr'>Praeterea</span> <span class='ocrx_word' id='word_1_245' title='bbox 421 3283 637 3336; x_wconf 83' lang='lat' dir='ltr'>cousentaneum</span> <span class='ocrx_word' id='word_1_246' title='bbox 656 3278 711 3336; x_wconf 87' lang='lat' dir='ltr'>luit</span> <span class='ocrx_word' id='word_1_247' title='bbox 729 3297 831 3350; x_wconf 86' lang='lat' dir='ltr'>magno</span> <span class='ocrx_word' id='word_1_248' title='bbox 850 3295 914 3333; x_wconf 89' lang='lat' dir='ltr'>cum</span> <span class='ocrx_word' id='word_1_249' title='bbox 932 3278 1037 3334; x_wconf 86' lang='lat' dir='ltr'>dilectu</span> <span class='ocrx_word' id='word_1_250' title='bbox 1056 3295 1218 3334; x_wconf 89' lang='lat' dir='ltr'>mouumen-</span> 
     </span>
     <span class='ocr_line' id='line_1_30' title="bbox 78 3365 1218 3440; baseline -0.002 -18"><span class='ocrx_word' id='word_1_251' title='bbox 78 3371 165 3423; x_wconf 84' lang='lat' dir='ltr'>torum</span> <span class='ocrx_word' id='word_1_252' title='bbox 190 3369 326 3440; x_wconf 89' lang='lat' dir='ltr'>legalium</span> <span class='ocrx_word' id='word_1_253' title='bbox 350 3371 491 3426; x_wconf 87' lang='lat' dir='ltr'>rudiorem</span> <span class='ocrx_word' id='word_1_254' title='bbox 513 3369 679 3439; x_wconf 89' lang='lat' dir='ltr'>scripturam</span> <span class='ocrx_word' id='word_1_255' title='bbox 702 3367 817 3438; x_wconf 90' lang='lat' dir='ltr'>respici:</span> <span class='ocrx_word' id='word_1_256' title='bbox 846 3366 891 3423; x_wconf 89' lang='lat' dir='ltr'>cui</span> <span class='ocrx_word' id='word_1_257' title='bbox 917 3366 1050 3436; x_wconf 90' lang='lat' dir='ltr'>quoniam</span> <span class='ocrx_word' id='word_1_258' title='bbox 1073 3365 1218 3422; x_wconf 89' lang='lat' dir='ltr'>molestius</span> 
     </span>
     <span class='ocr_line' id='line_1_31' title="bbox 78 3456 1218 3527; baseline -0.004 -15"><span class='ocrx_word' id='word_1_259' title='bbox 78 3459 290 3515; x_wconf 87' lang='lat' dir='ltr'>conflictandum</span> <span class='ocrx_word' id='word_1_260' title='bbox 314 3463 357 3515; x_wconf 85' lang='lat' dir='ltr'>est</span> <span class='ocrx_word' id='word_1_261' title='bbox 380 3477 443 3516; x_wconf 89' lang='lat' dir='ltr'>cum</span> <span class='ocrx_word' id='word_1_262' title='bbox 467 3460 569 3516; x_wconf 87' lang='lat' dir='ltr'>duritie</span> <span class='ocrx_word' id='word_1_263' title='bbox 592 3459 678 3527; x_wconf 88' lang='lat' dir='ltr'>aeris,</span> <span class='ocrx_word' id='word_1_264' title='bbox 706 3459 739 3514; x_wconf 84' lang='lat' dir='ltr'>fit</span> <span class='ocrx_word' id='word_1_265' title='bbox 760 3460 792 3513; x_wconf 92' lang='lat' dir='ltr'>ut</span> <span class='ocrx_word' id='word_1_266' title='bbox 815 3457 938 3512; x_wconf 89' lang='lat' dir='ltr'>medium</span> <span class='ocrx_word' id='word_1_267' title='bbox 961 3456 1102 3526; x_wconf 87' lang='lat' dir='ltr'>quendam</span> <span class='ocrx_word' id='word_1_268' title='bbox 1126 3456 1218 3510; x_wconf 88' lang='lat' dir='ltr'>locum</span> 
     </span>
     <span class='ocr_line' id='line_1_32' title="bbox 77 3545 1218 3620; baseline -0.002 -18"><span class='ocrx_word' id='word_1_269' title='bbox 77 3547 127 3602; x_wconf 92' lang='lat' dir='ltr'>hoc</span> <span class='ocrx_word' id='word_1_270' title='bbox 148 3568 237 3620; x_wconf 88' lang='lat' dir='ltr'>genua</span> <span class='ocrx_word' id='word_1_271' title='bbox 261 3549 389 3605; x_wconf 88' lang='lat' dir='ltr'>obtineat</span> <span class='ocrx_word' id='word_1_272' title='bbox 413 3548 486 3605; x_wconf 87' lang='lat' dir='ltr'>iuter</span> <span class='ocrx_word' id='word_1_273' title='bbox 508 3548 634 3620; x_wconf 90' lang='lat' dir='ltr'>lapidum</span> <span class='ocrx_word' id='word_1_274' title='bbox 658 3547 825 3618; x_wconf 85' lang='lat' dir='ltr'>scripturam</span> <span class='ocrx_word' id='word_1_275' title='bbox 849 3546 927 3603; x_wconf 89' lang='lat' dir='ltr'>caelo</span> <span class='ocrx_word' id='word_1_276' title='bbox 945 3545 1115 3616; x_wconf 86' lang='lat' dir='ltr'>insculptam</span> <span class='ocrx_word' id='word_1_277' title='bbox 1134 3546 1218 3612; x_wconf 87' lang='lat' dir='ltr'>atque</span> 
     </span>
     <span class='ocr_line' id='line_1_33' title="bbox 78 3632 1217 3708; baseline -0.003 -19"><span class='ocrx_word' id='word_1_278' title='bbox 78 3637 139 3693; x_wconf 88' lang='lat' dir='ltr'>stilo</span> <span class='ocrx_word' id='word_1_279' title='bbox 161 3639 263 3695; x_wconf 80' lang='lat' dir='ltr'>incisor</span> <span class='ocrx_word' id='word_1_280' title='bbox 285 3638 393 3695; x_wconf 89' lang='lat' dir='ltr'>titulos.</span> <span class='ocrx_word' id='word_1_281' title='bbox 430 3641 455 3693; x_wconf 80' lang='lat' dir='ltr'>A</span> <span class='ocrx_word' id='word_1_282' title='bbox 478 3637 577 3708; x_wconf 87' lang='lat' dir='ltr'>quibus</span> <span class='ocrx_word' id='word_1_283' title='bbox 600 3637 691 3693; x_wconf 85' lang='lat' dir='ltr'>tribus</span> <span class='ocrx_word' id='word_1_284' title='bbox 714 3636 874 3708; x_wconf 81' lang='lat' dir='ltr'>generibus,</span> <span class='ocrx_word' id='word_1_285' title='bbox 898 3653 961 3690; x_wconf 88' lang='lat' dir='ltr'>cum</span> <span class='ocrx_word' id='word_1_286' title='bbox 980 3635 1053 3688; x_wconf 88' lang='lat' dir='ltr'>hanc</span> <span class='ocrx_word' id='word_1_287' title='bbox 1071 3632 1217 3687; x_wconf 85' lang='lat' dir='ltr'>materiam</span> 
     </span>
     <span class='ocr_line' id='line_1_34' title="bbox 79 3721 1217 3798; baseline -0.004 -19"><span class='ocrx_word' id='word_1_288' title='bbox 79 3741 184 3783; x_wconf 87' lang='lat' dir='ltr'>omnem</span> <span class='ocrx_word' id='word_1_289' title='bbox 199 3729 297 3783; x_wconf 89' lang='lat' dir='ltr'>dedita</span> <span class='ocrx_word' id='word_1_290' title='bbox 310 3743 396 3798; x_wconf 88' lang='lat' dir='ltr'>opera</span> <span class='ocrx_word' id='word_1_291' title='bbox 413 3727 480 3782; x_wconf 90' lang='lat' dir='ltr'>olim</span> <span class='ocrx_word' id='word_1_292' title='bbox 500 3727 746 3797; x_wconf 84' lang='lat' dir='ltr'>pertractabimus,</span> <span class='ocrx_word' id='word_1_293' title='bbox 766 3727 896 3795; x_wconf 87' lang='lat' dir='ltr'>quartum</span> <span class='ocrx_word' id='word_1_294' title='bbox 914 3721 1141 3794; x_wconf 87' lang='lat' dir='ltr'>distinguendum</span> <span class='ocrx_word' id='word_1_295' title='bbox 1156 3723 1217 3790; x_wconf 85' lang='lat' dir='ltr'>erit,</span> 
     </span>
     <span class='ocr_line' id='line_1_35' title="bbox 79 3810 1217 3885; baseline -0.003 -15"><span class='ocrx_word' id='word_1_296' title='bbox 79 3818 148 3884; x_wconf 89' lang='lat' dir='ltr'>quod</span> <span class='ocrx_word' id='word_1_297' title='bbox 166 3815 328 3872; x_wconf 83' lang='lat' dir='ltr'>litteratura</span> <span class='ocrx_word' id='word_1_298' title='bbox 344 3831 523 3870; x_wconf 87' lang='lat' dir='ltr'>nummorum</span> <span class='ocrx_word' id='word_1_299' title='bbox 540 3815 654 3885; x_wconf 90' lang='lat' dir='ltr'>propria</span> <span class='ocrx_word' id='word_1_300' title='bbox 672 3813 848 3870; x_wconf 87' lang='lat' dir='ltr'>continetur.’</span> <span class='ocrx_word' id='word_1_301' title='bbox 870 3843 902 3853; x_wconf 91' lang='lat'>-—</span> <span class='ocrx_word' id='word_1_302' title='bbox 921 3811 978 3866; x_wconf 87' lang='lat' dir='ltr'>Das</span> <span class='ocrx_word' id='word_1_303' title='bbox 1001 3812 1063 3866; x_wconf 90' lang='lat' dir='ltr'>hier</span> <span class='ocrx_word' id='word_1_304' title='bbox 1084 3810 1217 3867; x_wconf 81' lang='lat' dir='ltr'>berdhrte</span> 
     </span>
     <span class='ocr_line' id='line_1_36' title="bbox 79 3900 1217 3972; baseline -0.003 -14"><span class='ocrx_word' id='word_1_305' title='bbox 79 3904 250 3962; x_wconf 75' lang='lat' dir='ltr'>Verbaltnisa</span> <span class='ocrx_word' id='word_1_306' title='bbox 277 3905 327 3962; x_wconf 87' lang='lat' dir='ltr'>der</span> <span class='ocrx_word' id='word_1_307' title='bbox 359 3904 418 3960; x_wconf 91' lang='lat' dir='ltr'>drei</span> <span class='ocrx_word' id='word_1_308' title='bbox 449 3903 678 3972; x_wconf 85' lang='lat' dir='ltr'>verschiedcueu‚</span> <span class='ocrx_word' id='word_1_309' title='bbox 711 3905 799 3960; x_wconf 90' lang='lat' dir='ltr'>durch</span> <span class='ocrx_word' id='word_1_310' title='bbox 826 3905 876 3958; x_wconf 89' lang='lat' dir='ltr'>das</span> <span class='ocrx_word' id='word_1_311' title='bbox 903 3900 1033 3958; x_wconf 86' lang='lat' dir='ltr'>Material</span> <span class='ocrx_word' id='word_1_312' title='bbox 1064 3900 1217 3970; x_wconf 89' lang='lat' dir='ltr'>bediugten</span> 
     </span>
     <span class='ocr_line' id='line_1_37' title="bbox 80 3986 1218 4066; baseline -0.004 -20"><span class='ocrx_word' id='word_1_313' title='bbox 80 3991 259 4052; x_wconf 77' lang='lat' dir='ltr'>Schriltarteu</span> <span class='ocrx_word' id='word_1_314' title='bbox 282 3995 351 4049; x_wconf 73' lang='lat' dir='ltr'>vird</span> <span class='ocrx_word' id='word_1_315' title='bbox 369 4009 436 4048; x_wconf 86' lang='lat' dir='ltr'>man</span> <span class='ocrx_word' id='word_1_316' title='bbox 454 3993 525 4048; x_wconf 87' lang='lat' dir='ltr'>oben</span> <span class='ocrx_word' id='word_1_317' title='bbox 548 4000 602 4063; x_wconf 73' lang='lat' dir='ltr'>pt</span> <span class='ocrx_word' id='word_1_318' title='bbox 622 3993 749 4066; x_wconf 80' lang='grc'><strong>[691]11“.</strong></span> <span class='ocrx_word' id='word_1_319' title='bbox 773 3995 860 4048; x_wconf 80' lang='lat' dir='ltr'>etwas</span> <span class='ocrx_word' id='word_1_320' title='bbox 884 3991 985 4047; x_wconf 84' lang='lat' dir='ltr'>andare</span> <span class='ocrx_word' id='word_1_321' title='bbox 1003 3989 1074 4057; x_wconf 87' lang='lat' dir='ltr'>und,</span> <span class='ocrx_word' id='word_1_322' title='bbox 1100 3988 1152 4044; x_wconf 87' lang='lat' dir='ltr'>wie</span> <span class='ocrx_word' id='word_1_323' title='bbox 1171 3986 1218 4043; x_wconf 87' lang='lat' dir='ltr'>ich</span> 
     </span>
     <span class='ocr_line' id='line_1_38' title="bbox 79 4077 1218 4154; baseline -0.003 -19"><span class='ocrx_word' id='word_1_324' title='bbox 79 4083 190 4152; x_wconf 79' lang='lat' dir='ltr'>glouba,</span> <span class='ocrx_word' id='word_1_325' title='bbox 216 4081 351 4154; x_wconf 89' lang='lat' dir='ltr'>richtigcr</span> <span class='ocrx_word' id='word_1_326' title='bbox 376 4081 483 4153; x_wconf 79' lang='lat' dir='ltr'>gelasst</span> <span class='ocrx_word' id='word_1_327' title='bbox 510 4082 567 4136; x_wconf 89' lang='lat' dir='ltr'>und</span> <span class='ocrx_word' id='word_1_328' title='bbox 590 4081 779 4152; x_wconf 78' lang='lat' dir='ltr'>ausgedrdclrt</span> <span class='ocrx_word' id='word_1_329' title='bbox 801 4079 901 4135; x_wconf 85' lang='lat' dir='ltr'>finden.</span> <span class='ocrx_word' id='word_1_330' title='bbox 926 4109 959 4119; x_wconf 93' lang='lat'>-</span> <span class='ocrx_word' id='word_1_331' title='bbox 983 4080 1015 4133; x_wconf 95' lang='lat' dir='ltr'>ln</span> <span class='ocrx_word' id='word_1_332' title='bbox 1038 4078 1145 4132; x_wconf 87' lang='lat' dir='ltr'>Betrcff</span> <span class='ocrx_word' id='word_1_333' title='bbox 1169 4077 1218 4132; x_wconf 89' lang='lat' dir='ltr'>der</span> 
     </span>
     <span class='ocr_line' id='line_1_39' title="bbox 80 4167 1218 4241; baseline -0.004 -17"><span class='ocrx_word' id='word_1_334' title='bbox 80 4171 252 4227; x_wconf 87' lang='lat' dir='ltr'>zablreichen</span> <span class='ocrx_word' id='word_1_335' title='bbox 274 4171 506 4241; x_wconf 79' lang='lat' dir='ltr'>luschriittypeu,</span> <span class='ocrx_word' id='word_1_336' title='bbox 533 4169 640 4225; x_wconf 79' lang='lat' dir='ltr'>welche</span> <span class='ocrx_word' id='word_1_337' title='bbox 662 4170 707 4224; x_wconf 81' lang='lat' dir='ltr'>fflr</span> <span class='ocrx_word' id='word_1_338' title='bbox 729 4168 775 4224; x_wconf 90' lang='lat' dir='ltr'>die</span> <span class='ocrx_word' id='word_1_339' title='bbox 800 4167 1004 4223; x_wconf 81' lang='lat' dir='ltr'>vorstehendeu</span> <span class='ocrx_word' id='word_1_340' title='bbox 1026 4167 1137 4222; x_wconf 78' lang='lat' dir='ltr'>Bluttar</span> <span class='ocrx_word' id='word_1_341' title='bbox 1162 4183 1218 4221; x_wconf 88' lang='lat' dir='ltr'>neu</span> 
     </span>
     <span class='ocr_line' id='line_1_40' title="bbox 80 4256 1217 4329; baseline -0.004 -15"><span class='ocrx_word' id='word_1_342' title='bbox 80 4261 252 4328; x_wconf 83' lang='lat' dir='ltr'>geachnitteu</span> <span class='ocrx_word' id='word_1_343' title='bbox 275 4261 386 4316; x_wconf 81' lang='lat' dir='ltr'>werden</span> <span class='ocrx_word' id='word_1_344' title='bbox 409 4263 546 4329; x_wconf 88' lang='lat' dir='ltr'>mussten,</span> <span class='ocrx_word' id='word_1_345' title='bbox 570 4259 638 4314; x_wconf 81' lang='lat' dir='ltr'>wird</span> <span class='ocrx_word' id='word_1_346' title='bbox 658 4275 722 4312; x_wconf 90' lang='lat' dir='ltr'>man</span> <span class='ocrx_word' id='word_1_347' title='bbox 741 4256 841 4327; x_wconf 87' lang='lat' dir='ltr'>billige</span> <span class='ocrx_word' id='word_1_348' title='bbox 859 4257 1014 4314; x_wconf 85' lang='lat' dir='ltr'>Nachaicht</span> <span class='ocrx_word' id='word_1_349' title='bbox 1031 4257 1117 4327; x_wconf 84' lang='lat' dir='ltr'>dbeu,</span> <span class='ocrx_word' id='word_1_350' title='bbox 1136 4273 1217 4310; x_wconf 81' lang='lat' dir='ltr'>weun</span> 
     </span>
     <span class='ocr_line' id='line_1_41' title="bbox 79 4345 949 4418; baseline 0.003 -17"><span class='ocrx_word' id='word_1_351' title='bbox 79 4347 116 4402; x_wconf 91' lang='lat' dir='ltr'>im</span> <span class='ocrx_word' id='word_1_352' title='bbox 133 4349 275 4405; x_wconf 74' lang='lat' dir='ltr'>einzelnen</span> <span class='ocrx_word' id='word_1_353' title='bbox 293 4349 372 4405; x_wconf 88' lang='lat' dir='ltr'>nicht</span> <span class='ocrx_word' id='word_1_354' title='bbox 389 4349 460 4404; x_wconf 85' lang='lat' dir='ltr'>ullas</span> <span class='ocrx_word' id='word_1_355' title='bbox 477 4349 550 4404; x_wconf 91' lang='lat' dir='ltr'>uach</span> <span class='ocrx_word' id='word_1_356' title='bbox 570 4347 693 4403; x_wconf 87' lang='lat' dir='ltr'>Wunsch</span> <span class='ocrx_word' id='word_1_357' title='bbox 712 4345 887 4418; x_wconf 79' lang='lat' dir='ltr'>ausgesallen</span> <span class='ocrx_word' id='word_1_358' title='bbox 904 4347 949 4404; x_wconf 88' lang='lat' dir='ltr'>ist.</span> 
     </span>
    </p>
   </div>
   <div class='ocr_carea' id='block_1_4' title="bbox 0 0 1550 5118">
    <p class='ocr_par' dir='ltr' id='par_1_4' title="bbox 0 0 1550 5118">
     <span class='ocr_line' id='line_1_42' title="bbox 0 0 1550 5118; baseline 0 0"><span class='ocrx_word' id='word_1_359' title='bbox 0 0 1550 5118; x_wconf 95' lang='lat' dir='ltr'> </span> 
     </span>
    </p>
   </div>
  </div>
 </body>
</html>
