3040 5122
571 1129 618 1214 V.

263 1288 520 1376 Monumcutc
547 1289 801 1396 epigraphicc
828 1222 921 1374 tric

49 1577 67 1648 l.
84 1579 125 1652 lle
142 1581 300 1656 miliario
319 1583 528 1677 Popilliano
548 1583 667 1676 deque
686 1583 954 1678 epigrammate
974 1580 1163 1676 Sorano.*)

495 1798 644 1860 CAPVT
673 1799 696 1860 Ι.

234 1937 297 2003 DE
335 1936 562 2004 MILIARIO
596 1935 952 2022 POPILLIAa'oe)

335 2077 455 2147 (saeua
472 2079 572 2134 aena
591 2076 849 2149 lithographiam».

113 2220 331 2288 Memorabilis
351 2222 385 2288 in
403 2224 514 2309 paucis
533 2223 676 2289 titulus
696 2223 879 2288 Pollanue
898 2229 1072 2308 postquam
1090 2221 1193 2287 indc³

42 2325 73 2387 ab
93 2327 213 2412 Apiano
242 2335 275 2396 et
299 2331 384 2396 Aldu
407 2331 554 2397 Munatio
583 2329 623 2396 ad
647 2329 805 2396 Orellium
827 2325 874 2416 (n.
896 2329 999 2414 3308)
1022 2335 1056 2393 et
1079 2329 1166 2395 litte·

40 2453 129 2499 rarum
157 2435 438 2522 epigraphicarum
462 2437 598 2503 dedecus
627 2437 760 2502 Zellium
785 2437 966 2503 incredibili
994 2441 1063 2502 tum
1092 2457 1166 2522 neg-

39 2538 165 2622 legentia
195 2549 266 2610 tum
298 2545 431 2610 licentia
464 2545 570 2612 editus
605 2550 654 2610 est
686 2567 705 2609 a
734 2545 895 2630 plurimis,
928 2567 1011 2609 nunc
1039 2543 1166 2610 demum

40 2643 210 2716 Tunonolrl
234 2651 430 2718 Monusnnl
458 2651 614 2718 beneficio
643 2673 681 2716 ea
709 2657 742 2716 et
765 2651 827 2716 fide
850 2654 1111 2736 repraesentatus
1135 2656 1168 2716 et

40 2771 102 2818 cura
123 2758 314 2843 explanatus
338 2757 478 2824 habetur
500 2757 752 2843 Inscriptionum
775 2757 880 2843 Regni
903 2757 1114 2840 Neapolitani
1137 2780 1167 2822 n.

39 2859 120 2944 0276,
141 2863 195 2928 vix
219 2871 255 2929 ut
272 2864 394 2930 habeas
413 2865 497 2950 quod
516 2869 585 2930 tam
603 2865 765 2950 perfectae
785 2885 901 2950 operae
921 2864 1020 2928 addae
1040 2869 1169 2947 praeter

40 2969 204 3051 exemplum
228 2969 315 3054 ipsas
338 2971 460 3056 figurae
484 2971 668 3038 litterarum
687 2971 820 3037 imitans
839 2993 1030 3056 omnemque
1050 2971 1167 3055 lapidis

39 3074 164 3152 speciem
196 3097 268 3142 cum
300 3077 458 3162 religione
496 3079 686 3164 exprimens.
746 3077 825 3144 Tala
858 3078 1041 3164 exemplum
1074 3079 1169 3146 litho-

41 3215 234 3230 ⁵————-—

116 3292 141 3356 ⁸)
162 3289 356 3360 [Pregramma
378 3289 569 3346 academicum
593 3291 738 3348 Bonnense
761 3291 827 3346 anni
852 3297 933 3346 1852:
963 3291 1089 3348 ‘Sacram
1112 3311 1168 3348 me·

38 3373 141 3430 moriam
153 3377 237 3449 Regia
251 3378 450 3450 Augustiaaimi
465 3379 530 3436 Divi
544 3380 678 3436 Friderici
692 3379 825 3436 Guilelmi
840 3381 895 3436 111.
911 3423 917 3434 .
933 3423 939 3436 .
955 3380 1000 3436 die
1016 3382 1053 3436 lll
1067 3383 1170 3438 meneia

39 3461 145 3532 Augusti
160 3483 185 3522 a
199 3467 371 3522 MDCCCLH
387 3467 490 3539 ...pie
504 3469 681 3524 recolendam
696 3469 889 3539 victorumque
904 3470 1138 3526 renuntiationem
1154 3489 1169 3526 e

39 3547 183 3610 litterarum
204 3557 402 3612 certaminibus
424 3557 622 3628 prodeuntium
646 3557 746 3614 indicit
769 3557 801 3614 Ε.
821 3557 967 3628 Bdcking’‚
991 3557 1171 3630 singulariter

39 3638 72 3692 tic
96 3642 268 3716 inacriptnm:
302 3647 355 3702 ‘De
384 3645 506 3702 miliario
531 3647 688 3718 Popilliano
716 3649 806 3718 deque
834 3645 1036 3718 epigrammate
1065 3647 1171 3703 Sorano

39 3733 239 3790 commenarias
249 3736 279 3792 F.
288 3735 457 3792 Rincheliir
474 3735 668 3792 Conaociatum
679 3757 740 3794 curn
752 3738 894 3808 prooemio
905 3736 1004 3792 indicia
1014 3735 1170 3791 scholarum

38 3815 203 3878 hibernarum
217 3825 404 3880 Hennensium
418 3843 443 3882 a.
461 3832 528 3881 18⁶2
544 3831 573 3882 et
594 3832 661 3882 1863
681 3828 726 3896 (de
740 3827 824 3884 titulo
840 3826 1001 3894 Aleuinati)
1020 3823 1125 3893 prodiit
1143 3823 1171 3878 iu

39 3903 124 3964 libello
142 3929 214 3968 nunc
232 3913 387 3970 rarissimo:
417 3913 611 3972 ‘Monumeula
629 3915 810 3987 epigraphica
827 3915 883 3970 tria
901 3913 937 3968 ad
956 3913 1171 3983 archetyporum

39 3995 109 4053 fidem
128 4004 261 4074 exemplis
279 4003 467 4074 lithographia
488 4023 617 4075 expressa
640 4005 903 4073 commentariieque
922 4001 1113 4074 grammaticis
1130 4001 1171 4056 in-

41 4081 277 4152 1umaeuar.
296 4092 453 4150 Bilachelii.
473 4093 594 4150 Beroliui
612 4095 687 4165 apud
706 4094 738 4152 Ο.
757 4093 918 4150 Trautwcin
938 4091 1026 4147 1852?
1064 4091 1093 4150 0.
1112 4091 1171 4163 W.]

100 4179 141 4248 *ἢ
162 4179 334 4252 [Nuncvide
355 4182 383 4239 C.
403 4183 424 4240 1.
444 4183 475 4237 1..
494 4183 551 4240 ln.
570 4189 636 4252 ⁶613
656 4185 686 4240 P.
706 4183 835 4242 L.M.E.
855 4183 912 4238 tab.
932 4183 1008 4238 ΗΒ
1028 4181 1172 4238 etEnarr.

43 4278 63 4328 p·
78 4271 110 4321 lo
128 4270 159 4322 et
173 4274 230 4331 105.
267 4269 297 4326 G·
315 4271 377 4343 W.]
1044 4279 1051 4298 ⁸

85 4353 140 4424 m¹)
160 4357 279 4428 [Tabala
296 4359 334 4416 lV
358 4359 456 4416 eadem
481 4364 524 4417 cot
546 4367 631 4434 atque
654 4361 722 4418 clim
745 4364 945 4432 programmati
965 4361 1125 4418 academico
1143 4363 1173 4416 ct

43 4439 228 4580 'cllcnnmeutie
245 4449 388 4522 epigraph.
406 4450 507 4508 tribna’
528 4451 644 4520 aduena¹
660 4451 728 4507 dein
746 4452 848 4509 iterata
866 4453 895 4508 in
914 4453 944 4510 P.
964 4452 995 4508 L.
1009 4451 1045 4508 M.
1066 4451 1096 4506 Ε.
1116 4451 1134 4506 l.
1153 4451 1171 4508 l.

60 4530 139 4604 .w.]

921 4631 958 4686 g*
