<?xml version="1.0" encoding="UTF-8"?>
<!DOCTYPE html PUBLIC "-//W3C//DTD XHTML 1.0 Transitional//EN"
    "http://www.w3.org/TR/xhtml1/DTD/xhtml1-transitional.dtd">
<html xmlns="http://www.w3.org/1999/xhtml" xml:lang="en" lang="en">
 <head>
  <title>
</title>
<meta http-equiv="Content-Type" content="text/html;charset=utf-8" />
  <meta name='ocr-system' content='tesseract 3.04.00' />
  <meta name='ocr-capabilities' content='ocr_page ocr_carea ocr_par ocr_line ocrx_word'/>
</head>
<body>
  <div class='ocr_page' id='page_1' title='image "./fridericiritsch03ritsgoog_0473.png"; bbox 0 0 2984 5122; ppageno 0'>
   <div class='ocr_carea' id='block_1_1' title="bbox 319 356 1294 429">
    <p class='ocr_par' dir='ltr' id='par_1_1' title="bbox 319 356 1294 429">
     <span class='ocr_line' id='line_1_1' title="bbox 319 356 1294 429; baseline 0.01 -11"><span class='ocrx_word' id='word_1_1' title='bbox 319 356 385 418; x_wconf 84' lang='lat'><strong>436</strong></span> <span class='ocrx_word' id='word_1_2' title='bbox 481 374 516 420; x_wconf 77' lang='lat' dir='ltr'><strong>us</strong></span> <span class='ocrx_word' id='word_1_3' title='bbox 541 373 653 423; x_wconf 81' lang='lat' dir='ltr'><strong>asans</strong></span> <span class='ocrx_word' id='word_1_4' title='bbox 678 377 866 424; x_wconf 75' lang='lat' dir='ltr'><strong>vrsamnin</strong></span> <span class='ocrx_word' id='word_1_5' title='bbox 890 379 1074 426; x_wconf 68' lang='lat' dir='ltr'><strong>aaronica</strong></span> <span class='ocrx_word' id='word_1_6' title='bbox 1100 380 1294 429; x_wconf 75' lang='lat' dir='ltr'><strong>consanam</strong></span> 
     </span>
    </p>
   </div>
   <div class='ocr_carea' id='block_1_2' title="bbox 276 515 1481 4582">
    <p class='ocr_par' dir='ltr' id='par_1_2' title="bbox 276 515 1482 4582">
     <span class='ocr_line' id='line_1_2' title="bbox 320 515 1413 608; baseline 0.007 -31"><span class='ocrx_word' id='word_1_7' title='bbox 320 515 458 580; x_wconf 89' lang='lat' dir='ltr'><strong>breviari</strong></span> <span class='ocrx_word' id='word_1_8' title='bbox 482 519 660 600; x_wconf 87' lang='lat' dir='ltr'><strong>potuerint:</strong></span> <span class='ocrx_word' id='word_1_9' title='bbox 685 522 898 603; x_wconf 88' lang='lat' dir='ltr'><strong>reputandum</strong></span> <span class='ocrx_word' id='word_1_10' title='bbox 923 526 1054 586; x_wconf 89' lang='lat' dir='ltr'><strong>estnec</strong></span> <span class='ocrx_word' id='word_1_11' title='bbox 1078 524 1160 587; x_wconf 89' lang='lat' dir='ltr'><strong>talia</strong></span> <span class='ocrx_word' id='word_1_12' title='bbox 1183 525 1282 589; x_wconf 89' lang='lat' dir='ltr'><strong>inesse</strong></span> <span class='ocrx_word' id='word_1_13' title='bbox 1302 547 1368 608; x_wconf 88' lang='lat' dir='ltr'><strong>quae</strong></span> <span class='ocrx_word' id='word_1_14' title='bbox 1385 526 1413 586; x_wconf 79' lang='lat' dir='ltr'><strong>al</strong></span> 
     </span>
     <span class='ocr_line' id='line_1_3' title="bbox 318 613 1481 715; baseline 0.008 -31"><span class='ocrx_word' id='word_1_15' title='bbox 318 622 363 684; x_wconf 82' lang='lat' dir='ltr'><strong>in,</strong></span> <span class='ocrx_word' id='word_1_16' title='bbox 381 623 442 688; x_wconf 90' lang='lat' dir='ltr'><strong>hac</strong></span> <span class='ocrx_word' id='word_1_17' title='bbox 469 624 541 709; x_wconf 90' lang='lat' dir='ltr'><strong>lege</strong></span> <span class='ocrx_word' id='word_1_18' title='bbox 570 627 620 689; x_wconf 91' lang='lat' dir='ltr'><strong>vel</strong></span> <span class='ocrx_word' id='word_1_19' title='bbox 648 627 681 690; x_wconf 91' lang='lat' dir='ltr'><strong>in</strong></span> <span class='ocrx_word' id='word_1_20' title='bbox 709 613 926 691; x_wconf 82' lang='lat' dir='ltr'><strong>monumentis</strong></span> <span class='ocrx_word' id='word_1_21' title='bbox 955 629 1115 694; x_wconf 87' lang='lat' dir='ltr'>similibus</span> <span class='ocrx_word' id='word_1_22' title='bbox 1145 635 1240 694; x_wconf 85' lang='lat' dir='ltr'><strong>notas</strong></span> <span class='ocrx_word' id='word_1_23' title='bbox 1265 631 1348 695; x_wconf 85' lang='lat' dir='ltr'><strong>facile</strong></span> <span class='ocrx_word' id='word_1_24' title='bbox 1365 632 1415 694; x_wconf 82' lang='lat' dir='ltr'><strong>reci-</strong></span> <span class='ocrx_word' id='word_1_25' title='bbox 1480 710 1481 715; x_wconf 8' lang='grc' dir='ltr'>η</span> 
     </span>
     <span class='ocr_line' id='line_1_4' title="bbox 318 728 1416 819; baseline 0.004 -27"><span class='ocrx_word' id='word_1_26' title='bbox 318 729 411 813; x_wconf 90' lang='lat' dir='ltr'><strong>piant</strong></span> <span class='ocrx_word' id='word_1_27' title='bbox 433 728 574 816; x_wconf 80' lang='lat' dir='ltr'><strong>(praeter</strong></span> <span class='ocrx_word' id='word_1_28' title='bbox 597 732 655 796; x_wconf 84' lang='lat' dir='ltr'><strong>illa</strong></span> <span class='ocrx_word' id='word_1_29' title='bbox 678 734 805 817; x_wconf 90' lang='lat' dir='ltr'><strong>quidem</strong></span> <span class='ocrx_word' id='word_1_30' title='bbox 830 733 888 797; x_wconf 77' lang='grc' dir='ltr'><strong>ΤΗ</strong></span> <span class='ocrx_word' id='word_1_31' title='bbox 904 770 909 781; x_wconf 92' lang='grc'><strong>-</strong></span> <span class='ocrx_word' id='word_1_32' title='bbox 926 734 977 798; x_wconf 84' lang='lat' dir='ltr'><strong>PL</strong></span> <span class='ocrx_word' id='word_1_33' title='bbox 993 770 999 782; x_wconf 93' lang='lat'><strong>·</strong></span> <span class='ocrx_word' id='word_1_34' title='bbox 1028 739 1061 799; x_wconf 87' lang='lat' dir='ltr'><strong>et</strong></span> <span class='ocrx_word' id='word_1_35' title='bbox 1083 736 1142 800; x_wconf 78' lang='lat' dir='ltr'><strong>DE</strong></span> <span class='ocrx_word' id='word_1_36' title='bbox 1155 771 1161 784; x_wconf 92' lang='lat'>·</span> <span class='ocrx_word' id='word_1_37' title='bbox 1174 735 1196 798; x_wconf 87' lang='lat' dir='ltr'>S</span> <span class='ocrx_word' id='word_1_38' title='bbox 1208 772 1214 782; x_wconf 92' lang='lat'><strong>·</strong></span> <span class='ocrx_word' id='word_1_39' title='bbox 1226 735 1260 819; x_wconf 79' lang='lat' dir='ltr'><strong>S,</strong></span> <span class='ocrx_word' id='word_1_40' title='bbox 1281 759 1351 818; x_wconf 86' lang='lat' dir='ltr'><strong>quae</strong></span> <span class='ocrx_word' id='word_1_41' title='bbox 1370 743 1416 798; x_wconf 82' lang='lat' dir='ltr'><strong>suut</strong></span> 
     </span>
     <span class='ocr_line' id='line_1_5' title="bbox 318 835 1417 925; baseline 0.004 -27"><span class='ocrx_word' id='word_1_42' title='bbox 318 835 562 925; x_wconf 79' lang='lat' dir='ltr'><strong>diversissima),</strong></span> <span class='ocrx_word' id='word_1_43' title='bbox 582 863 618 903; x_wconf 91' lang='lat' dir='ltr'><strong>ac</strong></span> <span class='ocrx_word' id='word_1_44' title='bbox 637 862 676 903; x_wconf 92' lang='lat' dir='ltr'><strong>ne</strong></span> <span class='ocrx_word' id='word_1_45' title='bbox 697 840 889 923; x_wconf 87' lang='lat' dir='ltr'><strong>sicquidem</strong></span> <span class='ocrx_word' id='word_1_46' title='bbox 909 842 975 905; x_wconf 92' lang='lat' dir='ltr'><strong>ullo</strong></span> <span class='ocrx_word' id='word_1_47' title='bbox 996 842 1133 906; x_wconf 87' lang='lat' dir='ltr'><strong>artificio</strong></span> <span class='ocrx_word' id='word_1_48' title='bbox 1154 842 1236 905; x_wconf 85' lang='lat' dir='ltr'><strong>effici</strong></span> <span class='ocrx_word' id='word_1_49' title='bbox 1257 842 1337 906; x_wconf 88' lang='lat' dir='ltr'><strong>utad</strong></span> <span class='ocrx_word' id='word_1_50' title='bbox 1351 843 1417 905; x_wconf 84' lang='lat' dir='ltr'><strong>triuu</strong></span> 
     </span>
     <span class='ocr_line' id='line_1_6' title="bbox 317 945 1420 1032; baseline 0.005 -25"><span class='ocrx_word' id='word_1_51' title='bbox 317 945 503 1009; x_wconf 85' lang='lat' dir='ltr'><strong>tabularum</strong></span> <span class='ocrx_word' id='word_1_52' title='bbox 527 948 696 1030; x_wconf 86' lang='lat' dir='ltr'><strong>angustias</strong></span> <span class='ocrx_word' id='word_1_53' title='bbox 721 949 820 1011; x_wconf 91' lang='lat' dir='ltr'><strong>totius</strong></span> <span class='ocrx_word' id='word_1_54' title='bbox 850 948 1006 1011; x_wconf 89' lang='lat' dir='ltr'><strong>ambitum</strong></span> <span class='ocrx_word' id='word_1_55' title='bbox 1034 949 1196 1032; x_wconf 88' lang='lat' dir='ltr'><strong>plebisciti</strong></span> <span class='ocrx_word' id='word_1_56' title='bbox 1227 971 1357 1030; x_wconf 75' lang='lat' dir='ltr'><strong>revoces,</strong></span> <span class='ocrx_word' id='word_1_57' title='bbox 1379 949 1420 1012; x_wconf 80' lang='lat' dir='ltr'><strong>sel.</strong></span> 
     </span>
     <span class='ocr_line' id='line_1_7' title="bbox 318 1054 1420 1140; baseline 0.004 -26"><span class='ocrx_word' id='word_1_58' title='bbox 318 1074 390 1115; x_wconf 91' lang='lat' dir='ltr'><strong>cum</strong></span> <span class='ocrx_word' id='word_1_59' title='bbox 413 1054 601 1137; x_wconf 88' lang='lat' dir='ltr'><strong>plurimum,</strong></span> <span class='ocrx_word' id='word_1_60' title='bbox 630 1054 669 1117; x_wconf 88' lang='lat' dir='ltr'><strong>ad</strong></span> <span class='ocrx_word' id='word_1_61' title='bbox 693 1055 791 1118; x_wconf 87' lang='lat' dir='ltr'><strong>trium</strong></span> <span class='ocrx_word' id='word_1_62' title='bbox 815 1060 848 1119; x_wconf 90' lang='lat' dir='ltr'><strong>et</strong></span> <span class='ocrx_word' id='word_1_63' title='bbox 871 1056 1035 1140; x_wconf 80' lang='lat' dir='ltr'><strong>dimidiae,</strong></span> <span class='ocrx_word' id='word_1_64' title='bbox 1064 1058 1117 1140; x_wconf 94' lang='lat' dir='ltr'><strong>qui</strong></span> <span class='ocrx_word' id='word_1_65' title='bbox 1146 1058 1214 1140; x_wconf 89' lang='lat' dir='ltr'><strong>ipse</strong></span> <span class='ocrx_word' id='word_1_66' title='bbox 1238 1081 1371 1122; x_wconf 86' lang='lat' dir='ltr'><strong>numerus</strong></span> <span class='ocrx_word' id='word_1_67' title='bbox 1389 1078 1420 1118; x_wconf 80' lang='lat' dir='ltr'><strong>ex·</strong></span> 
     </span>
     <span class='ocr_line' id='line_1_8' title="bbox 316 1161 1421 1245; baseline 0 -24"><span class='ocrx_word' id='word_1_68' title='bbox 316 1181 389 1241; x_wconf 90' lang='lat' dir='ltr'><strong>pers</strong></span> <span class='ocrx_word' id='word_1_69' title='bbox 414 1167 463 1224; x_wconf 88' lang='lat' dir='ltr'><strong>est</strong></span> <span class='ocrx_word' id='word_1_70' title='bbox 486 1162 632 1225; x_wconf 89' lang='lat' dir='ltr'><strong>rationis.</strong></span> <span class='ocrx_word' id='word_1_71' title='bbox 665 1161 786 1236; x_wconf 77' lang='lat' dir='ltr'><strong>Quodsi</strong></span> <span class='ocrx_word' id='word_1_72' title='bbox 810 1161 996 1226; x_wconf 88' lang='lat' dir='ltr'><strong>habitorum</strong></span> <span class='ocrx_word' id='word_1_73' title='bbox 1016 1163 1223 1227; x_wconf 86' lang='lat' dir='ltr'><strong>comitiorum</strong></span> <span class='ocrx_word' id='word_1_74' title='bbox 1241 1164 1339 1229; x_wconf 90' lang='lat' dir='ltr'><strong>locum</strong></span> <span class='ocrx_word' id='word_1_75' title='bbox 1356 1172 1421 1245; x_wconf 72' lang='lat' dir='ltr'><strong>atque</strong></span> 
     </span>
     <span class='ocr_line' id='line_1_9' title="bbox 317 1266 1478 1357; baseline 0.001 -29"><span class='ocrx_word' id='word_1_76' title='bbox 317 1266 402 1330; x_wconf 88' lang='lat' dir='ltr'><strong>diem</strong></span> <span class='ocrx_word' id='word_1_77' title='bbox 426 1269 570 1350; x_wconf 88' lang='lat' dir='ltr'><strong>potuisse</strong></span> <span class='ocrx_word' id='word_1_78' title='bbox 595 1269 676 1331; x_wconf 87' lang='lat' dir='ltr'><strong>adici</strong></span> <span class='ocrx_word' id='word_1_79' title='bbox 697 1269 898 1352; x_wconf 80' lang='lat' dir='ltr'><strong>ratiocinare,</strong></span> <span class='ocrx_word' id='word_1_80' title='bbox 922 1269 997 1352; x_wconf 92' lang='lat' dir='ltr'><strong>quid</strong></span> <span class='ocrx_word' id='word_1_81' title='bbox 1017 1269 1091 1332; x_wconf 90' lang='lat' dir='ltr'><strong>inde</strong></span> <span class='ocrx_word' id='word_1_82' title='bbox 1111 1269 1357 1334; x_wconf 79' lang='lat' dir='ltr'><strong>consectarium?</strong></span> <span class='ocrx_word' id='word_1_83' title='bbox 1380 1269 1420 1331; x_wconf 75' lang='lat' dir='ltr'><strong>lul</strong></span> <span class='ocrx_word' id='word_1_84' title='bbox 1473 1275 1478 1357; x_wconf 65' lang='grc' dir='ltr'>ξ</span> 
     </span>
     <span class='ocr_line' id='line_1_10' title="bbox 316 1373 1476 1484; baseline 0.001 -49"><span class='ocrx_word' id='word_1_85' title='bbox 316 1373 421 1454; x_wconf 87' lang='lat' dir='ltr'><strong>ipsum</strong></span> <span class='ocrx_word' id='word_1_86' title='bbox 447 1375 686 1457; x_wconf 87' lang='lat' dir='ltr'><strong>quaternarium</strong></span> <span class='ocrx_word' id='word_1_87' title='bbox 711 1397 880 1438; x_wconf 89' lang='lat' dir='ltr'><strong>numerum</strong></span> <span class='ocrx_word' id='word_1_88' title='bbox 904 1376 1088 1438; x_wconf 87' lang='lat' dir='ltr'><strong>tabularum</strong></span> <span class='ocrx_word' id='word_1_89' title='bbox 1114 1377 1299 1459; x_wconf 84' lang='lat' dir='ltr'><strong>complebis,</strong></span> <span class='ocrx_word' id='word_1_90' title='bbox 1319 1377 1366 1439; x_wconf 89' lang='lat' dir='ltr'><strong>sed</strong></span> <span class='ocrx_word' id='word_1_91' title='bbox 1382 1395 1421 1437; x_wconf 66' lang='lat' dir='ltr'><strong>ura</strong></span> <span class='ocrx_word' id='word_1_92' title='bbox 1472 1452 1476 1484; x_wconf 28' lang='grc' dir='ltr'>Ἰ</span> 
     </span>
     <span class='ocr_line' id='line_1_11' title="bbox 316 1478 1476 1568; baseline 0.002 -28"><span class='ocrx_word' id='word_1_93' title='bbox 316 1478 379 1541; x_wconf 89' lang='lat' dir='ltr'><strong>nisi</strong></span> <span class='ocrx_word' id='word_1_94' title='bbox 403 1479 499 1543; x_wconf 89' lang='lat' dir='ltr'><strong>certis</strong></span> <span class='ocrx_word' id='word_1_95' title='bbox 524 1481 672 1544; x_wconf 78' lang='lat' dir='ltr'><strong>admissis</strong></span> <span class='ocrx_word' id='word_1_96' title='bbox 696 1481 816 1544; x_wconf 89' lang='lat' dir='ltr'><strong>litteris</strong></span> <span class='ocrx_word' id='word_1_97' title='bbox 841 1483 1069 1565; x_wconf 83' lang='lat' dir='ltr'><strong>singularibus,</strong></span> <span class='ocrx_word' id='word_1_98' title='bbox 1092 1487 1148 1547; x_wconf 87' lang='lat' dir='ltr'><strong>aut</strong></span> <span class='ocrx_word' id='word_1_99' title='bbox 1172 1483 1305 1566; x_wconf 82' lang='lat' dir='ltr'><strong>augebis</strong></span> <span class='ocrx_word' id='word_1_100' title='bbox 1327 1481 1361 1546; x_wconf 88' lang='lat' dir='ltr'><strong>ad</strong></span> <span class='ocrx_word' id='word_1_101' title='bbox 1381 1481 1422 1564; x_wconf 88' lang='lat' dir='ltr'><strong>qui·</strong></span> <span class='ocrx_word' id='word_1_102' title='bbox 1475 1546 1476 1568; x_wconf 18' lang='grc' dir='ltr'>ἢ</span> 
     </span>
     <span class='ocr_line' id='line_1_12' title="bbox 315 1568 1476 1672; baseline -0.001 -24"><span class='ocrx_word' id='word_1_103' title='bbox 315 1586 458 1671; x_wconf 89' lang='lat' dir='ltr'><strong>narium,</strong></span> <span class='ocrx_word' id='word_1_104' title='bbox 483 1591 538 1650; x_wconf 87' lang='lat' dir='ltr'><strong>aut</strong></span> <span class='ocrx_word' id='word_1_105' title='bbox 562 1610 672 1652; x_wconf 89' lang='lat' dir='ltr'><strong>rursus</strong></span> <span class='ocrx_word' id='word_1_106' title='bbox 697 1588 736 1651; x_wconf 90' lang='lat' dir='ltr'><strong>ad</strong></span> <span class='ocrx_word' id='word_1_107' title='bbox 759 1589 959 1653; x_wconf 89' lang='lat' dir='ltr'><strong>dimidiatam</strong></span> <span class='ocrx_word' id='word_1_108' title='bbox 980 1590 1125 1653; x_wconf 86' lang='lat' dir='ltr'><strong>tabulam</strong></span> <span class='ocrx_word' id='word_1_109' title='bbox 1145 1589 1289 1653; x_wconf 78' lang='lat' dir='ltr'><strong>relabere</strong></span> <span class='ocrx_word' id='word_1_110' title='bbox 1306 1595 1423 1672; x_wconf 86' lang='lat' dir='ltr'><strong>quattuor</strong></span> <span class='ocrx_word' id='word_1_111' title='bbox 1472 1568 1476 1588; x_wconf 35' lang='lat' dir='ltr'><strong>l</strong></span> 
     </span>
     <span class='ocr_line' id='line_1_13' title="bbox 314 1692 1424 1780; baseline 0.001 -26"><span class='ocrx_word' id='word_1_112' title='bbox 314 1692 449 1778; x_wconf 74' lang='lat' dir='ltr'><strong>integris</strong></span> <span class='ocrx_word' id='word_1_113' title='bbox 475 1695 632 1759; x_wconf 87' lang='lat' dir='ltr'><strong>additam:</strong></span> <span class='ocrx_word' id='word_1_114' title='bbox 665 1696 704 1759; x_wconf 91' lang='lat' dir='ltr'><strong>de</strong></span> <span class='ocrx_word' id='word_1_115' title='bbox 728 1697 845 1780; x_wconf 88' lang='lat' dir='ltr'><strong>tribus,</strong></span> <span class='ocrx_word' id='word_1_116' title='bbox 874 1720 954 1780; x_wconf 91' lang='lat' dir='ltr'><strong>quas</strong></span> <span class='ocrx_word' id='word_1_117' title='bbox 978 1697 1113 1780; x_wconf 89' lang='lat' dir='ltr'><strong>periisse</strong></span> <span class='ocrx_word' id='word_1_118' title='bbox 1142 1718 1273 1760; x_wconf 88' lang='lat' dir='ltr'><strong>necesse</strong></span> <span class='ocrx_word' id='word_1_119' title='bbox 1296 1697 1347 1779; x_wconf 90' lang='lat' dir='ltr'><strong>sit,</strong></span> <span class='ocrx_word' id='word_1_120' title='bbox 1370 1693 1424 1758; x_wconf 83' lang='lat' dir='ltr'><strong>nili</strong></span> 
     </span>
     <span class='ocr_line' id='line_1_14' title="bbox 314 1798 500 1864; baseline 0.016 -3"><span class='ocrx_word' id='word_1_121' title='bbox 314 1798 500 1864; x_wconf 76' lang='lat' dir='ltr'><strong>detraxeris</strong></span> 
     </span>
     <span class='ocr_line' id='line_1_15' title="bbox 402 1906 1425 1994; baseline -0.001 -25"><span class='ocrx_word' id='word_1_122' title='bbox 402 1906 535 1972; x_wconf 87' lang='lat' dir='ltr'><strong>Litteris</strong></span> <span class='ocrx_word' id='word_1_123' title='bbox 560 1913 667 1973; x_wconf 86' lang='lat' dir='ltr'><strong>autem</strong></span> <span class='ocrx_word' id='word_1_124' title='bbox 693 1933 802 1974; x_wconf 86' lang='lat' dir='ltr'><strong>versus</strong></span> <span class='ocrx_word' id='word_1_125' title='bbox 823 1911 956 1974; x_wconf 88' lang='lat' dir='ltr'><strong>alterius</strong></span> <span class='ocrx_word' id='word_1_126' title='bbox 981 1915 1104 1994; x_wconf 85' lang='lat' dir='ltr'><strong>septem</strong></span> <span class='ocrx_word' id='word_1_127' title='bbox 1129 1911 1179 1974; x_wconf 87' lang='lat' dir='ltr'><strong>vel</strong></span> <span class='ocrx_word' id='word_1_128' title='bbox 1199 1917 1274 1974; x_wconf 90' lang='lat' dir='ltr'><strong>octo</strong></span> <span class='ocrx_word' id='word_1_129' title='bbox 1293 1915 1323 1974; x_wconf 85' lang='lat' dir='ltr'><strong>et</strong></span> <span class='ocrx_word' id='word_1_130' title='bbox 1341 1909 1425 1993; x_wconf 79' lang='lat' dir='ltr'><strong>vigint</strong></span> 
     </span>
     <span class='ocr_line' id='line_1_16' title="bbox 314 2012 1425 2101; baseline 0.002 -27"><span class='ocrx_word' id='word_1_131' title='bbox 314 2012 380 2074; x_wconf 90' lang='lat' dir='ltr'><strong>illie</strong></span> <span class='ocrx_word' id='word_1_132' title='bbox 405 2036 476 2076; x_wconf 91' lang='lat' dir='ltr'><strong>cum</strong></span> <span class='ocrx_word' id='word_1_133' title='bbox 502 2015 533 2078; x_wconf 93' lang='lat' dir='ltr'><strong>in</strong></span> <span class='ocrx_word' id='word_1_134' title='bbox 558 2017 663 2098; x_wconf 89' lang='lat' dir='ltr'><strong>primo</strong></span> <span class='ocrx_word' id='word_1_135' title='bbox 688 2039 782 2080; x_wconf 89' lang='lat' dir='ltr'><strong>versu</strong></span> <span class='ocrx_word' id='word_1_136' title='bbox 811 2017 1057 2101; x_wconf 86' lang='lat' dir='ltr'><strong>grandiusculae</strong></span> <span class='ocrx_word' id='word_1_137' title='bbox 1086 2017 1307 2101; x_wconf 85' lang='lat' dir='ltr'><strong>duodeviginti</strong></span> <span class='ocrx_word' id='word_1_138' title='bbox 1329 2035 1425 2098; x_wconf 86' lang='lat' dir='ltr'><strong>respon·</strong></span> 
     </span>
     <span class='ocr_line' id='line_1_17' title="bbox 313 2119 1426 2206; baseline 0 -26"><span class='ocrx_word' id='word_1_139' title='bbox 313 2119 423 2202; x_wconf 80' lang='lat' dir='ltr'><strong>deant,</strong></span> <span class='ocrx_word' id='word_1_140' title='bbox 447 2120 505 2184; x_wconf 88' lang='lat' dir='ltr'><strong>has</strong></span> <span class='ocrx_word' id='word_1_141' title='bbox 525 2143 653 2186; x_wconf 88' lang='lat' dir='ltr'><strong>necesse</strong></span> <span class='ocrx_word' id='word_1_142' title='bbox 674 2127 724 2185; x_wconf 87' lang='lat' dir='ltr'><strong>est</strong></span> <span class='ocrx_word' id='word_1_143' title='bbox 744 2124 833 2187; x_wconf 87' lang='lat' dir='ltr'><strong>salva</strong></span> <span class='ocrx_word' id='word_1_144' title='bbox 852 2123 1060 2206; x_wconf 85' lang='lat' dir='ltr'><strong>proportione</strong></span> <span class='ocrx_word' id='word_1_145' title='bbox 1080 2123 1209 2187; x_wconf 84' lang='lat' dir='ltr'><strong>circiter</strong></span> <span class='ocrx_word' id='word_1_146' title='bbox 1228 2121 1426 2206; x_wconf 81' lang='lat' dir='ltr'><strong>quinquagina</strong></span> 
     </span>
     <span class='ocr_line' id='line_1_18' title="bbox 314 2229 1428 2311; baseline -0.003 -22"><span class='ocrx_word' id='word_1_147' title='bbox 314 2231 466 2309; x_wconf 89' lang='lat' dir='ltr'><strong>quattuor</strong></span> <span class='ocrx_word' id='word_1_148' title='bbox 501 2229 664 2310; x_wconf 85' lang='lat' dir='ltr'><strong>excepisse</strong></span> <span class='ocrx_word' id='word_1_149' title='bbox 698 2230 731 2293; x_wconf 88' lang='lat' dir='ltr'><strong>in</strong></span> <span class='ocrx_word' id='word_1_150' title='bbox 757 2230 862 2293; x_wconf 94' lang='lat' dir='ltr'><strong>tribus</strong></span> <span class='ocrx_word' id='word_1_151' title='bbox 896 2229 1015 2292; x_wconf 87' lang='lat' dir='ltr'><strong>tabulis</strong></span> <span class='ocrx_word' id='word_1_152' title='bbox 1050 2229 1235 2311; x_wconf 90' lang='lat' dir='ltr'><strong>deperditis.</strong></span> <span class='ocrx_word' id='word_1_153' title='bbox 1284 2229 1331 2292; x_wconf 83' lang='lat' dir='ltr'><strong>Ea</strong></span> <span class='ocrx_word' id='word_1_154' title='bbox 1355 2229 1428 2311; x_wconf 78' lang='lat' dir='ltr'><strong>igilar</strong></span> 
     </span>
     <span class='ocr_line' id='line_1_19' title="bbox 314 2334 1427 2418; baseline -0.004 -23"><span class='ocrx_word' id='word_1_155' title='bbox 314 2355 466 2398; x_wconf 86' lang='lat' dir='ltr'><strong>mensura</strong></span> <span class='ocrx_word' id='word_1_156' title='bbox 489 2336 543 2398; x_wconf 94' lang='lat' dir='ltr'><strong>ubi</strong></span> <span class='ocrx_word' id='word_1_157' title='bbox 568 2337 826 2400; x_wconf 86' lang='lat' dir='ltr'><strong>commendatum</strong></span> <span class='ocrx_word' id='word_1_158' title='bbox 852 2334 1088 2418; x_wconf 85' lang='lat' dir='ltr'><strong>aGoettlingio</strong></span> <span class='ocrx_word' id='word_1_159' title='bbox 1114 2334 1366 2417; x_wconf 87' lang='lat' dir='ltr'><strong>supplementum</strong></span> <span class='ocrx_word' id='word_1_160' title='bbox 1387 2353 1427 2393; x_wconf 80' lang='lat' dir='ltr'><strong>ne</strong></span> 
     </span>
     <span class='ocr_line' id='line_1_20' title="bbox 314 2439 1427 2525; baseline -0.003 -22"><span class='ocrx_word' id='word_1_161' title='bbox 314 2442 395 2504; x_wconf 91' lang='lat' dir='ltr'><strong>tiarc</strong></span> <span class='ocrx_word' id='word_1_162' title='bbox 424 2443 507 2525; x_wconf 90' lang='lat' dir='ltr'><strong>quod</strong></span> <span class='ocrx_word' id='word_1_163' title='bbox 538 2447 587 2505; x_wconf 88' lang='lat' dir='ltr'><strong>est</strong></span> <span class='ocrx_word' id='word_1_164' title='bbox 618 2443 695 2507; x_wconf 87' lang='lat' dir='ltr'><strong>tale:</strong></span> <span class='ocrx_word' id='word_1_165' title='bbox 734 2439 1427 2522; x_wconf 57' lang='lat' dir='ltr'><strong>eamcam-Maca-CORn&#39;En</strong></span> 
     </span>
     <span class='ocr_line' id='line_1_21' title="bbox 312 2547 1428 2633; baseline -0.001 -24"><span class='ocrx_word' id='word_1_166' title='bbox 312 2568 367 2611; x_wconf 83' lang='lat' dir='ltr'><strong>cos.</strong></span> <span class='ocrx_word' id='word_1_167' title='bbox 396 2550 439 2611; x_wconf 83' lang='lat' dir='ltr'><strong>ad</strong></span> <span class='ocrx_word' id='word_1_168' title='bbox 464 2554 604 2612; x_wconf 77' lang='lat' dir='ltr'><strong>secutam</strong></span> <span class='ocrx_word' id='word_1_169' title='bbox 631 2552 746 2628; x_wconf 83' lang='lat' dir='ltr'><strong>retulit,</strong></span> <span class='ocrx_word' id='word_1_170' title='bbox 782 2551 936 2614; x_wconf 88' lang='lat' dir='ltr'><strong>continuo</strong></span> <span class='ocrx_word' id='word_1_171' title='bbox 968 2571 1064 2633; x_wconf 89' lang='lat' dir='ltr'><strong>quam</strong></span> <span class='ocrx_word' id='word_1_172' title='bbox 1092 2549 1172 2612; x_wconf 88' lang='lat' dir='ltr'><strong>haec</strong></span> <span class='ocrx_word' id='word_1_173' title='bbox 1202 2570 1268 2612; x_wconf 93' lang='lat' dir='ltr'><strong>non</strong></span> <span class='ocrx_word' id='word_1_174' title='bbox 1298 2547 1428 2610; x_wconf 77' lang='lat' dir='ltr'><strong>sufficiant</strong></span> 
     </span>
     <span class='ocr_line' id='line_1_22' title="bbox 312 2652 1427 2742; baseline -0.004 -24"><span class='ocrx_word' id='word_1_175' title='bbox 312 2657 496 2738; x_wconf 89' lang='lat' dir='ltr'><strong>perspicies.</strong></span> <span class='ocrx_word' id='word_1_176' title='bbox 534 2657 647 2740; x_wconf 86' lang='lat' dir='ltr'><strong>Itaque</strong></span> <span class='ocrx_word' id='word_1_177' title='bbox 665 2657 867 2742; x_wconf 87' lang='lat' dir='ltr'><strong>Goettlingio</strong></span> <span class='ocrx_word' id='word_1_178' title='bbox 893 2661 928 2720; x_wconf 90' lang='lat' dir='ltr'><strong>ut</strong></span> <span class='ocrx_word' id='word_1_179' title='bbox 946 2677 1121 2739; x_wconf 88' lang='lat' dir='ltr'><strong>parumper</strong></span> <span class='ocrx_word' id='word_1_180' title='bbox 1139 2676 1367 2734; x_wconf 87' lang='lat' dir='ltr'><strong>succurramus,</strong></span> <span class='ocrx_word' id='word_1_181' title='bbox 1386 2652 1427 2715; x_wconf 84' lang='lat' dir='ltr'><strong>lor·</strong></span> 
     </span>
     <span class='ocr_line' id='line_1_23' title="bbox 314 2760 1428 2844; baseline -0.004 -18"><span class='ocrx_word' id='word_1_182' title='bbox 314 2762 399 2827; x_wconf 89' lang='lat' dir='ltr'><strong>sitan</strong></span> <span class='ocrx_word' id='word_1_183' title='bbox 423 2764 478 2826; x_wconf 91' lang='lat' dir='ltr'><strong>ille</strong></span> <span class='ocrx_word' id='word_1_184' title='bbox 504 2765 543 2827; x_wconf 88' lang='lat' dir='ltr'><strong>ad</strong></span> <span class='ocrx_word' id='word_1_185' title='bbox 568 2764 708 2827; x_wconf 88' lang='lat' dir='ltr'><strong>consulis</strong></span> <span class='ocrx_word' id='word_1_186' title='bbox 738 2766 771 2829; x_wconf 90' lang='lat' dir='ltr'><strong>in</strong></span> <span class='ocrx_word' id='word_1_187' title='bbox 801 2771 912 2829; x_wconf 87' lang='lat' dir='ltr'><strong>senatu</strong></span> <span class='ocrx_word' id='word_1_188' title='bbox 943 2764 1132 2828; x_wconf 86' lang='lat' dir='ltr'><strong>relationem</strong></span> <span class='ocrx_word' id='word_1_189' title='bbox 1160 2761 1224 2826; x_wconf 91' lang='lat' dir='ltr'><strong>loci</strong></span> <span class='ocrx_word' id='word_1_190' title='bbox 1249 2767 1282 2826; x_wconf 89' lang='lat' dir='ltr'><strong>et</strong></span> <span class='ocrx_word' id='word_1_191' title='bbox 1304 2760 1428 2844; x_wconf 77' lang='lat' dir='ltr'><strong>tempori.-</strong></span> 
     </span>
     <span class='ocr_line' id='line_1_24' title="bbox 313 2869 1428 2954; baseline -0.005 -21"><span class='ocrx_word' id='word_1_192' title='bbox 313 2871 511 2934; x_wconf 89' lang='lat' dir='ltr'><strong>mentionem</strong></span> <span class='ocrx_word' id='word_1_193' title='bbox 535 2870 693 2934; x_wconf 86' lang='lat' dir='ltr'><strong>adsciscat</strong></span> <span class='ocrx_word' id='word_1_194' title='bbox 718 2894 734 2934; x_wconf 91' lang='lat' dir='ltr'><strong>e</strong></span> <span class='ocrx_word' id='word_1_195' title='bbox 757 2872 877 2936; x_wconf 87' lang='lat' dir='ltr'><strong>talibus</strong></span> <span class='ocrx_word' id='word_1_196' title='bbox 903 2870 1059 2954; x_wconf 84' lang='lat' dir='ltr'><strong>exemplis</strong></span> <span class='ocrx_word' id='word_1_197' title='bbox 1078 2870 1186 2954; x_wconf 88' lang='lat' dir='ltr'><strong>qualia</strong></span> <span class='ocrx_word' id='word_1_198' title='bbox 1209 2869 1245 2932; x_wconf 88' lang='lat' dir='ltr'><strong>in</strong></span> <span class='ocrx_word' id='word_1_199' title='bbox 1264 2870 1361 2934; x_wconf 88' lang='lat' dir='ltr'><strong>senati</strong></span> <span class='ocrx_word' id='word_1_200' title='bbox 1378 2889 1428 2930; x_wconf 85' lang='lat' dir='ltr'><strong>cou-</strong></span> 
     </span>
     <span class='ocr_line' id='line_1_25' title="bbox 313 2972 1428 3063; baseline -0.004 -25"><span class='ocrx_word' id='word_1_201' title='bbox 313 2978 406 3040; x_wconf 86' lang='lat' dir='ltr'><strong>sultis</strong></span> <span class='ocrx_word' id='word_1_202' title='bbox 440 2978 478 3042; x_wconf 89' lang='lat' dir='ltr'><strong>de</strong></span> <span class='ocrx_word' id='word_1_203' title='bbox 507 2977 763 3043; x_wconf 85' lang='lat' dir='ltr'><strong>Bacchanalibus</strong></span> <span class='ocrx_word' id='word_1_204' title='bbox 797 2979 899 3063; x_wconf 89' lang='lat' dir='ltr'><strong>deque</strong></span> <span class='ocrx_word' id='word_1_205' title='bbox 930 2978 1121 3042; x_wconf 84' lang='lat' dir='ltr'><strong>Tiburtibus</strong></span> <span class='ocrx_word' id='word_1_206' title='bbox 1153 2981 1294 3040; x_wconf 86' lang='lat' dir='ltr'><strong>exstant.</strong></span> <span class='ocrx_word' id='word_1_207' title='bbox 1343 2975 1380 3038; x_wconf 79' lang='lat' dir='ltr'><strong>nt</strong></span> <span class='ocrx_word' id='word_1_208' title='bbox 1402 2972 1428 3033; x_wconf 78' lang='lat' dir='ltr'><strong>b</strong></span> 
     </span>
     <span class='ocr_line' id='line_1_26' title="bbox 313 3082 1428 3169; baseline 0.001 -26"><span class='ocrx_word' id='word_1_209' title='bbox 313 3084 415 3144; x_wconf 90' lang='lat' dir='ltr'><strong>senati</strong></span> <span class='ocrx_word' id='word_1_210' title='bbox 441 3086 568 3167; x_wconf 89' lang='lat' dir='ltr'><strong>quidem</strong></span> <span class='ocrx_word' id='word_1_211' title='bbox 593 3086 753 3149; x_wconf 87' lang='lat' dir='ltr'><strong>sententia</strong></span> <span class='ocrx_word' id='word_1_212' title='bbox 781 3085 864 3148; x_wconf 87' lang='lat' dir='ltr'><strong>hanc</strong></span> <span class='ocrx_word' id='word_1_213' title='bbox 891 3086 924 3149; x_wconf 91' lang='lat' dir='ltr'><strong>in</strong></span> <span class='ocrx_word' id='word_1_214' title='bbox 954 3107 1017 3169; x_wconf 87' lang='lat' dir='ltr'><strong>qua</strong></span> <span class='ocrx_word' id='word_1_215' title='bbox 1045 3105 1211 3147; x_wconf 88' lang='lat' dir='ltr'><strong>versamur</strong></span> <span class='ocrx_word' id='word_1_216' title='bbox 1238 3082 1341 3168; x_wconf 85' lang='lat' dir='ltr'><strong>legem</strong></span> <span class='ocrx_word' id='word_1_217' title='bbox 1362 3100 1428 3161; x_wconf 71' lang='lat' dir='ltr'><strong>roga·</strong></span> 
     </span>
     <span class='ocr_line' id='line_1_27' title="bbox 312 3189 1428 3274; baseline -0.003 -25"><span class='ocrx_word' id='word_1_218' title='bbox 312 3191 380 3250; x_wconf 89' lang='lat' dir='ltr'><strong>tam</strong></span> <span class='ocrx_word' id='word_1_219' title='bbox 405 3213 473 3254; x_wconf 86' lang='lat' dir='ltr'><strong>esse</strong></span> <span class='ocrx_word' id='word_1_220' title='bbox 498 3192 569 3274; x_wconf 87' lang='lat' dir='ltr'><strong>ipso</strong></span> <span class='ocrx_word' id='word_1_221' title='bbox 598 3215 675 3255; x_wconf 90' lang='lat' dir='ltr'><strong>sane</strong></span> <span class='ocrx_word' id='word_1_222' title='bbox 705 3213 798 3254; x_wconf 85' lang='lat' dir='ltr'><strong>versu</strong></span> <span class='ocrx_word' id='word_1_223' title='bbox 827 3191 929 3254; x_wconf 89' lang='lat' dir='ltr'><strong>altero</strong></span> <span class='ocrx_word' id='word_1_224' title='bbox 959 3190 1122 3253; x_wconf 90' lang='lat' dir='ltr'><strong>docemur:</strong></span> <span class='ocrx_word' id='word_1_225' title='bbox 1155 3189 1211 3253; x_wconf 90' lang='lat' dir='ltr'><strong>nbi</strong></span> <span class='ocrx_word' id='word_1_226' title='bbox 1241 3190 1321 3253; x_wconf 91' lang='lat' dir='ltr'><strong>satis</strong></span> <span class='ocrx_word' id='word_1_227' title='bbox 1348 3189 1428 3268; x_wconf 78' lang='lat' dir='ltr'><strong>inepte</strong></span> 
     </span>
     <span class='ocr_line' id='line_1_28' title="bbox 313 3294 1427 3380; baseline -0.001 -24"><span class='ocrx_word' id='word_1_228' title='bbox 313 3294 389 3356; x_wconf 91' lang='lat' dir='ltr'><strong>olim</strong></span> <span class='ocrx_word' id='word_1_229' title='bbox 427 3297 574 3360; x_wconf 86' lang='lat' dir='ltr'><strong>tribunos</strong></span> <span class='ocrx_word' id='word_1_230' title='bbox 611 3299 782 3380; x_wconf 65' lang='lat' dir='ltr'><strong>clesrpnatos</strong></span> <span class='ocrx_word' id='word_1_231' title='bbox 822 3295 1120 3378; x_wconf 87' lang='lat' dir='ltr'><strong>interpretabantur</strong></span> <span class='ocrx_word' id='word_1_232' title='bbox 1155 3294 1283 3360; x_wconf 82' lang='lat' dir='ltr'>DESS</span> <span class='ocrx_word' id='word_1_233' title='bbox 1322 3297 1427 3360; x_wconf 69' lang='lat' dir='ltr'><strong>littera.</strong></span> 
     </span>
     <span class='ocr_line' id='line_1_29' title="bbox 312 3399 1426 3488; baseline 0 -26"><span class='ocrx_word' id='word_1_234' title='bbox 312 3400 447 3464; x_wconf 84' lang='lat' dir='ltr'><strong>Talibus</strong></span> <span class='ocrx_word' id='word_1_235' title='bbox 467 3410 573 3467; x_wconf 87' lang='lat' dir='ltr'><strong>autem</strong></span> <span class='ocrx_word' id='word_1_236' title='bbox 592 3405 719 3488; x_wconf 87' lang='lat' dir='ltr'><strong>legibus</strong></span> <span class='ocrx_word' id='word_1_237' title='bbox 739 3426 816 3466; x_wconf 90' lang='lat' dir='ltr'><strong>num</strong></span> <span class='ocrx_word' id='word_1_238' title='bbox 836 3407 963 3484; x_wconf 88' lang='lat' dir='ltr'><strong>praeter</strong></span> <span class='ocrx_word' id='word_1_239' title='bbox 984 3405 1172 3486; x_wconf 89' lang='lat' dir='ltr'><strong>rogatorum</strong></span> <span class='ocrx_word' id='word_1_240' title='bbox 1190 3405 1332 3486; x_wconf 87' lang='lat' dir='ltr'><strong>nomina,</strong></span> <span class='ocrx_word' id='word_1_241' title='bbox 1349 3427 1365 3466; x_wconf 92' lang='lat' dir='ltr'><strong>a</strong></span> <span class='ocrx_word' id='word_1_242' title='bbox 1380 3399 1426 3483; x_wconf 81' lang='lat' dir='ltr'><strong>qai·</strong></span> 
     </span>
     <span class='ocr_line' id='line_1_30' title="bbox 311 3508 1425 3594; baseline 0 -24"><span class='ocrx_word' id='word_1_243' title='bbox 311 3508 371 3572; x_wconf 91' lang='lat' dir='ltr'><strong>bus</strong></span> <span class='ocrx_word' id='word_1_244' title='bbox 396 3510 485 3592; x_wconf 87' lang='lat' dir='ltr'><strong>ipsae</strong></span> <span class='ocrx_word' id='word_1_245' title='bbox 510 3513 668 3594; x_wconf 86' lang='lat' dir='ltr'><strong>appellari</strong></span> <span class='ocrx_word' id='word_1_246' title='bbox 693 3511 816 3590; x_wconf 86' lang='lat' dir='ltr'><strong>solitae,</strong></span> <span class='ocrx_word' id='word_1_247' title='bbox 847 3511 943 3573; x_wconf 90' lang='lat' dir='ltr'><strong>ctiam</strong></span> <span class='ocrx_word' id='word_1_248' title='bbox 968 3529 1078 3571; x_wconf 91' lang='lat' dir='ltr'><strong>corum</strong></span> <span class='ocrx_word' id='word_1_249' title='bbox 1102 3508 1237 3572; x_wconf 90' lang='lat' dir='ltr'><strong>nomina</strong></span> <span class='ocrx_word' id='word_1_250' title='bbox 1261 3509 1425 3594; x_wconf 75' lang='lat' dir='ltr'><strong>praescripr</strong></span> 
     </span>
     <span class='ocr_line' id='line_1_31' title="bbox 312 3615 1424 3702; baseline -0.005 -24"><span class='ocrx_word' id='word_1_251' title='bbox 312 3618 385 3701; x_wconf 89' lang='lat' dir='ltr'><strong>sint,</strong></span> <span class='ocrx_word' id='word_1_252' title='bbox 410 3619 463 3701; x_wconf 90' lang='lat' dir='ltr'><strong>qui</strong></span> <span class='ocrx_word' id='word_1_253' title='bbox 488 3619 526 3681; x_wconf 89' lang='lat' dir='ltr'><strong>de</strong></span> <span class='ocrx_word' id='word_1_254' title='bbox 551 3641 588 3682; x_wconf 89' lang='lat' dir='ltr'><strong>ea</strong></span> <span class='ocrx_word' id='word_1_255' title='bbox 612 3621 650 3682; x_wconf 89' lang='lat' dir='ltr'><strong>de</strong></span> <span class='ocrx_word' id='word_1_256' title='bbox 670 3643 733 3702; x_wconf 89' lang='lat' dir='ltr'><strong>qua</strong></span> <span class='ocrx_word' id='word_1_257' title='bbox 752 3620 860 3702; x_wconf 88' lang='lat' dir='ltr'><strong>agitur</strong></span> <span class='ocrx_word' id='word_1_258' title='bbox 880 3641 914 3680; x_wconf 90' lang='lat' dir='ltr'><strong>re</strong></span> <span class='ocrx_word' id='word_1_259' title='bbox 936 3620 1083 3680; x_wconf 87' lang='lat' dir='ltr'><strong>senatum</strong></span> <span class='ocrx_word' id='word_1_260' title='bbox 1103 3616 1330 3682; x_wconf 88' lang='lat' dir='ltr'><strong>consuluerant</strong></span> <span class='ocrx_word' id='word_1_261' title='bbox 1345 3615 1424 3679; x_wconf 79' lang='lat' dir='ltr'><strong>huius·</strong></span> 
     </span>
     <span class='ocr_line' id='line_1_32' title="bbox 311 3719 1480 3810; baseline -0.005 -23"><span class='ocrx_word' id='word_1_262' title='bbox 311 3747 371 3808; x_wconf 93' lang='lat' dir='ltr'><strong>que</strong></span> <span class='ocrx_word' id='word_1_263' title='bbox 395 3726 588 3789; x_wconf 88' lang='lat' dir='ltr'><strong>auctoritate</strong></span> <span class='ocrx_word' id='word_1_264' title='bbox 613 3747 708 3810; x_wconf 86' lang='lat' dir='ltr'><strong>agere</strong></span> <span class='ocrx_word' id='word_1_265' title='bbox 732 3749 804 3789; x_wconf 85' lang='lat' dir='ltr'><strong>curn</strong></span> <span class='ocrx_word' id='word_1_266' title='bbox 829 3725 968 3788; x_wconf 91' lang='lat' dir='ltr'><strong>tribunis</strong></span> <span class='ocrx_word' id='word_1_267' title='bbox 997 3724 1040 3806; x_wconf 92' lang='lat' dir='ltr'><strong>pl.</strong></span> <span class='ocrx_word' id='word_1_268' title='bbox 1064 3723 1145 3788; x_wconf 90' lang='lat' dir='ltr'><strong>iussi</strong></span> <span class='ocrx_word' id='word_1_269' title='bbox 1169 3729 1275 3807; x_wconf 88' lang='lat' dir='ltr'><strong>erant,</strong></span> <span class='ocrx_word' id='word_1_270' title='bbox 1305 3721 1423 3808; x_wconf 75' lang='lat' dir='ltr'><strong>quonian</strong></span> <span class='ocrx_word' id='word_1_271' title='bbox 1479 3719 1480 3792; x_wconf 75' lang='lat' dir='ltr'><strong>l</strong></span> 
     </span>
     <span class='ocr_line' id='line_1_33' title="bbox 276 3829 1480 3916; baseline -0.003 -23"><span class='ocrx_word' id='word_1_272' title='bbox 276 3831 346 3893; x_wconf 76' lang='lat' dir='ltr'><strong>sin</strong></span> <span class='ocrx_word' id='word_1_273' title='bbox 374 3837 521 3895; x_wconf 88' lang='lat' dir='ltr'><strong>neutram</strong></span> <span class='ocrx_word' id='word_1_274' title='bbox 551 3837 675 3915; x_wconf 87' lang='lat' dir='ltr'><strong>partem</strong></span> <span class='ocrx_word' id='word_1_275' title='bbox 704 3833 850 3916; x_wconf 81' lang='lat' dir='ltr'><strong>exempla</strong></span> <span class='ocrx_word' id='word_1_276' title='bbox 878 3832 945 3895; x_wconf 90' lang='lat' dir='ltr'><strong>ulla</strong></span> <span class='ocrx_word' id='word_1_277' title='bbox 974 3835 1103 3913; x_wconf 88' lang='lat' dir='ltr'><strong>praesto</strong></span> <span class='ocrx_word' id='word_1_278' title='bbox 1135 3835 1223 3913; x_wconf 88' lang='lat' dir='ltr'><strong>sunt,</strong></span> <span class='ocrx_word' id='word_1_279' title='bbox 1256 3853 1319 3895; x_wconf 89' lang='lat' dir='ltr'><strong>non</strong></span> <span class='ocrx_word' id='word_1_280' title='bbox 1348 3829 1423 3893; x_wconf 71' lang='lat' dir='ltr'><strong>mnas</strong></span> <span class='ocrx_word' id='word_1_281' title='bbox 1479 3831 1480 3848; x_wconf 65' lang='lat'>¹</span> 
     </span>
     <span class='ocr_line' id='line_1_34' title="bbox 311 3937 1421 4023; baseline -0.003 -22"><span class='ocrx_word' id='word_1_282' title='bbox 311 3939 480 4021; x_wconf 89' lang='lat' dir='ltr'><strong>ignoratur</strong></span> <span class='ocrx_word' id='word_1_283' title='bbox 504 3963 600 4022; x_wconf 87' lang='lat' dir='ltr'><strong>quam</strong></span> <span class='ocrx_word' id='word_1_284' title='bbox 625 3963 702 4003; x_wconf 83' lang='lat' dir='ltr'><strong>nuni</strong></span> <span class='ocrx_word' id='word_1_285' title='bbox 726 3942 795 4002; x_wconf 89' lang='lat' dir='ltr'><strong>tum</strong></span> <span class='ocrx_word' id='word_1_286' title='bbox 821 3960 962 4023; x_wconf 89' lang='lat' dir='ltr'><strong>quoque,</strong></span> <span class='ocrx_word' id='word_1_287' title='bbox 986 3942 1022 4002; x_wconf 89' lang='lat' dir='ltr'><strong>ut</strong></span> <span class='ocrx_word' id='word_1_288' title='bbox 1045 3937 1079 4001; x_wconf 90' lang='lat' dir='ltr'><strong>in</strong></span> <span class='ocrx_word' id='word_1_289' title='bbox 1104 3937 1189 4001; x_wconf 87' lang='lat' dir='ltr'><strong>veris</strong></span> <span class='ocrx_word' id='word_1_290' title='bbox 1212 3937 1375 4021; x_wconf 86' lang='lat' dir='ltr'><strong>liberisque</strong></span> <span class='ocrx_word' id='word_1_291' title='bbox 1392 3951 1421 3992; x_wconf 56' lang='lat' dir='ltr'><strong>st*</strong></span> 
     </span>
     <span class='ocr_line' id='line_1_35' title="bbox 310 4035 1421 4130; baseline -0.003 -22"><span class='ocrx_word' id='word_1_292' title='bbox 310 4046 378 4109; x_wconf 88' lang='lat' dir='ltr'><strong>nati</strong></span> <span class='ocrx_word' id='word_1_293' title='bbox 403 4047 559 4110; x_wconf 88' lang='lat' dir='ltr'><strong>consultis</strong></span> <span class='ocrx_word' id='word_1_294' title='bbox 585 4070 665 4129; x_wconf 89' lang='lat' dir='ltr'><strong>quae</strong></span> <span class='ocrx_word' id='word_1_295' title='bbox 691 4047 729 4110; x_wconf 87' lang='lat' dir='ltr'><strong>ad</strong></span> <span class='ocrx_word' id='word_1_296' title='bbox 750 4046 904 4130; x_wconf 90' lang='lat' dir='ltr'><strong>populum</strong></span> <span class='ocrx_word' id='word_1_297' title='bbox 925 4046 1056 4110; x_wconf 88' lang='lat' dir='ltr'><strong>omnino</strong></span> <span class='ocrx_word' id='word_1_298' title='bbox 1076 4066 1140 4108; x_wconf 90' lang='lat' dir='ltr'><strong>non</strong></span> <span class='ocrx_word' id='word_1_299' title='bbox 1159 4045 1327 4126; x_wconf 88' lang='lat' dir='ltr'><strong>ferrentur,</strong></span> <span class='ocrx_word' id='word_1_300' title='bbox 1348 4035 1421 4106; x_wconf 62' lang='lat' dir='ltr'><strong>habit*</strong></span> 
     </span>
     <span class='ocr_line' id='line_1_36' title="bbox 310 4150 1480 4237; baseline -0.003 -22"><span class='ocrx_word' id='word_1_301' title='bbox 310 4158 439 4216; x_wconf 85' lang='lat' dir='ltr'><strong>senatus</strong></span> <span class='ocrx_word' id='word_1_302' title='bbox 469 4158 596 4237; x_wconf 85' lang='lat' dir='ltr'><strong>tempus</strong></span> <span class='ocrx_word' id='word_1_303' title='bbox 629 4155 781 4237; x_wconf 90' lang='lat' dir='ltr'><strong>locusque</strong></span> <span class='ocrx_word' id='word_1_304' title='bbox 810 4153 973 4236; x_wconf 87' lang='lat' dir='ltr'><strong>adscripta</strong></span> <span class='ocrx_word' id='word_1_305' title='bbox 1002 4151 1080 4215; x_wconf 88' lang='lat' dir='ltr'><strong>sint:</strong></span> <span class='ocrx_word' id='word_1_306' title='bbox 1114 4152 1198 4235; x_wconf 93' lang='lat' dir='ltr'><strong>quod</strong></span> <span class='ocrx_word' id='word_1_307' title='bbox 1224 4153 1279 4234; x_wconf 92' lang='lat' dir='ltr'><strong>qui</strong></span> <span class='ocrx_word' id='word_1_308' title='bbox 1302 4150 1357 4214; x_wconf 91' lang='lat' dir='ltr'><strong>sibi</strong></span> <span class='ocrx_word' id='word_1_309' title='bbox 1375 4165 1421 4229; x_wconf 68' lang='lat' dir='ltr'><strong>prr·</strong></span> <span class='ocrx_word' id='word_1_310' title='bbox 1479 4205 1480 4212; x_wconf 72' lang='grc'>,</span> 
     </span>
     <span class='ocr_line' id='line_1_37' title="bbox 311 4257 1419 4343; baseline -0.005 -22"><span class='ocrx_word' id='word_1_311' title='bbox 311 4262 460 4342; x_wconf 86' lang='lat' dir='ltr'><strong>suaserit,</strong></span> <span class='ocrx_word' id='word_1_312' title='bbox 493 4284 559 4324; x_wconf 88' lang='lat' dir='ltr'><strong>non</strong></span> <span class='ocrx_word' id='word_1_313' title='bbox 587 4262 709 4342; x_wconf 88' lang='lat' dir='ltr'><strong>poterit</strong></span> <span class='ocrx_word' id='word_1_314' title='bbox 737 4262 851 4324; x_wconf 89' lang='lat' dir='ltr'><strong>saltem</strong></span> <span class='ocrx_word' id='word_1_315' title='bbox 882 4260 959 4343; x_wconf 90' lang='lat' dir='ltr'><strong>quin</strong></span> <span class='ocrx_word' id='word_1_316' title='bbox 988 4259 1090 4323; x_wconf 83' lang='lat' dir='ltr'><strong>multo</strong></span> <span class='ocrx_word' id='word_1_317' title='bbox 1119 4257 1241 4322; x_wconf 86' lang='lat' dir='ltr'><strong>maiore</strong></span> <span class='ocrx_word' id='word_1_318' title='bbox 1268 4260 1332 4322; x_wconf 89' lang='lat' dir='ltr'><strong>iure</strong></span> <span class='ocrx_word' id='word_1_319' title='bbox 1353 4261 1419 4334; x_wconf 76' lang='lat' dir='ltr'><strong>aqu</strong></span> 
     </span>
     <span class='ocr_line' id='line_1_38' title="bbox 311 4353 1418 4448; baseline 0.001 -22"><span class='ocrx_word' id='word_1_320' title='bbox 311 4365 388 4428; x_wconf 89' lang='lat' dir='ltr'><strong>adeo</strong></span> <span class='ocrx_word' id='word_1_321' title='bbox 413 4368 605 4430; x_wconf 87' lang='lat' dir='ltr'><strong>necessitate</strong></span> <span class='ocrx_word' id='word_1_322' title='bbox 631 4368 834 4431; x_wconf 90' lang='lat' dir='ltr'><strong>comitiorum</strong></span> <span class='ocrx_word' id='word_1_323' title='bbox 858 4371 986 4448; x_wconf 92' lang='lat' dir='ltr'><strong>tempus</strong></span> <span class='ocrx_word' id='word_1_324' title='bbox 1009 4366 1180 4447; x_wconf 88' lang='lat' dir='ltr'><strong>locumque</strong></span> <span class='ocrx_word' id='word_1_325' title='bbox 1203 4365 1346 4448; x_wconf 85' lang='lat' dir='ltr'><strong>requirat</strong></span> <span class='ocrx_word' id='word_1_326' title='bbox 1379 4353 1418 4416; x_wconf 61' lang='lat' dir='ltr'><strong>lt</strong></span> 
     </span>
     <span class='ocr_line' id='line_1_39' title="bbox 310 4455 1417 4582; baseline -0.002 -49"><span class='ocrx_word' id='word_1_327' title='bbox 310 4493 380 4534; x_wconf 92' lang='lat' dir='ltr'><strong>rum</strong></span> <span class='ocrx_word' id='word_1_328' title='bbox 404 4473 437 4535; x_wconf 90' lang='lat' dir='ltr'><strong>in</strong></span> <span class='ocrx_word' id='word_1_329' title='bbox 461 4475 519 4538; x_wconf 87' lang='lat' dir='ltr'><strong>illa</strong></span> <span class='ocrx_word' id='word_1_330' title='bbox 538 4479 647 4537; x_wconf 84' lang='lat' dir='ltr'><strong>tamen</strong></span> <span class='ocrx_word' id='word_1_331' title='bbox 667 4475 871 4557; x_wconf 89' lang='lat' dir='ltr'><strong>ignoratione</strong></span> <span class='ocrx_word' id='word_1_332' title='bbox 891 4477 928 4538; x_wconf 91' lang='lat' dir='ltr'><strong>ut</strong></span> <span class='ocrx_word' id='word_1_333' title='bbox 947 4472 1124 4556; x_wconf 82' lang='lat' dir='ltr'><strong>largiamur</strong></span> <span class='ocrx_word' id='word_1_334' title='bbox 1142 4471 1264 4582; x_wconf 73' lang='lat' dir='ltr'><strong>factpm</strong></span> <span class='ocrx_word' id='word_1_335' title='bbox 1282 4491 1345 4535; x_wconf 84' lang='lat' dir='ltr'><strong>esse</strong></span> <span class='ocrx_word' id='word_1_336' title='bbox 1360 4455 1417 4548; x_wconf 76' lang='lat' dir='ltr'><strong>qud</strong></span> 
     </span>
    </p>
   </div>
   <div class='ocr_carea' id='block_1_3' title="bbox 0 0 1496 5122">
    <p class='ocr_par' dir='ltr' id='par_1_3' title="bbox 0 0 1496 5122">
     <span class='ocr_line' id='line_1_40' title="bbox 0 0 1496 5122; baseline 0 2"><span class='ocrx_word' id='word_1_337' title='bbox 0 0 1496 5122; x_wconf 95' lang='lat' dir='ltr'><strong> </strong></span> 
     </span>
    </p>
   </div>
  </div>
 </body>
</html>
