3020 5118
420 374 674 434 consensuum
698 387 811 435 esron.
1108 371 1170 436 193

49 547 126 588 unum
148 525 241 589 illurn
257 525 503 596 Grotefendium
522 533 717 613 sequeretur.
755 527 846 605 Quod
871 529 925 594 ille
949 529 1102 595 damnum
1121 531 1175 596 vix

46 631 135 715 aliquo
158 632 254 699 modo
278 635 451 699 resarsisse
474 656 513 700 eo
537 636 713 701 censendus
742 639 806 720 est,
834 636 919 720 quod
944 641 1110 722 acceptam
1134 639 1176 703 ab

44 742 138 804 (lado
161 738 478 807 Kannsunarerro
502 743 705 808 emendatam
728 741 900 808 lectionem
921 743 1087 808 analectis
1111 745 1177 829 epi-

43 844 189 927 graphicis
208 845 319 911 Turici
343 869 371 913 a.
389 849 473 914 1838
498 849 593 914 editis
617 849 763 914 inseruit.
798 849 1001 934 Quamquam
1021 873 1061 915 ne
1080 851 1175 916 huius
1192 869 1216 908 ¹³

42 951 153 1034 quidem
183 955 389 1038 quantumvis
423 955 569 1040 religiosi
598 957 791 1021 scrutatoris
821 978 921 1040 opera
956 961 1115 1042 praestari
1143 959 1175 1024 id

40 1058 131 1141 ipsum
155 1065 373 1147 poteratque
397 1063 446 1128 vel
473 1064 610 1128 maxime
634 1085 716 1148 opus
740 1068 820 1128 erat.

114 1165 200 1232 Nam
230 1173 266 1232 ut
295 1174 329 1234 et
361 1170 504 1236 breviter
535 1175 567 1236 et
597 1171 742 1256 graviter
774 1171 892 1240 dicam:
925 1175 975 1238 tot
1007 1173 1175 1238 hominum

39 1275 126 1338 tantis
153 1276 240 1340 curis
267 1280 301 1342 et
327 1278 492 1344 laboribus
522 1279 612 1344 nullo
640 1278 736 1344 modo
764 1277 844 1344 illud
873 1283 924 1344 est
953 1281 1101 1346 effectum
1131 1283 1177 1364 ut,

39 1403 107 1462 quae
131 1381 165 1446 in
189 1382 297 1467 lapide
320 1384 370 1448 vel
394 1385 462 1449 sint
489 1385 540 1450 rel
563 1407 629 1450 uon
653 1385 734 1470 siut,
763 1390 795 1450 et
818 1387 980 1472 quomodo
1004 1389 1071 1452 sint
1094 1409 1176 1472 quae

38 1491 112 1566 sont,
143 1511 257 1572 reapse
280 1491 402 1556 sciatur
430 1495 618 1576 certumque
645 1491 889 1558 fundamentum
919 1515 982 1577 quo
1006 1498 1077 1558 tuto
1102 1517 1174 1559 con·

38 1591 106 1657 fidas
138 1600 289 1678 paratum
318 1597 370 1662 sit
416 1597 463 1662 Vr
485 1599 554 1662 iure
578 1621 636 1662 suo
661 1599 726 1662 iam
749 1597 899 1662 Dukerus
928 1597 1051 1664 ‘omues
1080 1601 1176 1666 aliter

37 1705 122 1784 etque
146 1703 243 1768 aliter
265 1705 428 1770 exhibere’
452 1711 584 1792 questus
613 1707 657 1771 sit
677 1707 716 1772 ad
741 1705 882 1770 Florum.
923 1703 991 1770 Nec
1015 1707 1100 1771 enim
1124 1708 1174 1771 vel

37 1805 68 1868 de
84 1810 271 1876 mutilorum
295 1812 478 1876 litterarum
503 1814 648 1898 apicibus
672 1814 706 1877 in
725 1833 887 1876 marmore
908 1814 1045 1878 servatis
1064 1815 1114 1878 vel
1135 1813 1174 1878 de

36 1913 263 1997 deperditarum
286 1919 418 1984 tabulae
442 1921 585 2004 partium
604 1941 754 1984 mensura
773 1919 854 1982 satis
874 1922 1016 1984 constat:
1045 1920 1173 2005 quaudo

36 2019 66 2083 de
87 2023 268 2106 spatiorum
291 2027 471 2092 rationibus
494 2049 534 2091 ne
549 2027 740 2092 Boherellus
760 2025 890 2110 quidem
913 2047 978 2089 nou
999 2025 1094 2092 fallit.
1129 2025 1175 2091 Et

36 2131 145 2212 umen,
177 2129 241 2195 nisi
270 2136 441 2218 utrumque
469 2153 572 2218 genus
601 2155 728 2198 summa
756 2153 829 2198 cum
859 2153 937 2197 curs
959 2133 1096 2197 rimatus
1121 2147 1187 2198 ex-'

37 2233 217 2321 ploraveris,
250 2261 316 2304 non
340 2239 466 2324 poterit
493 2240 662 2325 supplendi
696 2263 794 2324 opera
825 2241 911 2304 recte
939 2243 1036 2324 atque
1064 2241 1173 2305 ordine

37 2343 208 2420 procedere:
237 2345 327 2428 prius
355 2350 464 2411 autem
488 2369 583 2432 quam
612 2347 912 2432 supplementorum
941 2346 1173 2430 probabilitate

36 2446 110 2514 tituli
134 2449 309 2536 integritas
333 2453 563 2519 reconcinnata
585 2453 643 2535 sit,
670 2475 736 2518 non
766 2453 841 2518 licet
864 2451 951 2517 illius
976 2455 1116 2518 aetatem
1141 2457 1174 2516 et

36 2553 181 2637 originem
209 2556 263 2621 vie
286 2578 323 2622 ac
351 2559 478 2624 ratione
501 2560 681 2644 disceptare
705 2563 750 2638 et,
783 2559 868 2642 quod
892 2563 942 2623 est
965 2581 1172 2643 consequens,

36 2659 262 2726 consideratum
294 2662 333 2728 de
366 2665 434 2730 eius
468 2666 530 2730 lide
568 2671 601 2730 et
634 2665 828 2730 auctoritate
864 2664 1017 2729 iudicium
1051 2663 1173 2731 iacere:

36 2786 119 2848 quam
144 2789 212 2832 rem
237 2791 274 2835 eo
298 2771 371 2853 plns
394 2771 515 2838 habere
539 2776 573 2837 et
595 2772 721 2857 gratiae
745 2775 778 2834 et
799 2771 1004 2836 necessitatis
1028 2775 1174 2854 apparet,

36 2891 88 2952 quo
110 2873 252 2940 securius
277 2898 297 2940 s
319 2875 489 2942 columnae
516 2882 678 2944 rostratae
703 2876 899 2942 testimoniis
931 2881 963 2940 et
986 2878 1173 2962 grammati·

37 2997 95 3044 cam
116 2981 253 3048 latinam
281 2987 314 3048 et
340 2983 513 3052 historiam
541 2985 673 3070 linguae
700 2983 799 3049 ordiri
828 2984 975 3068 plerique
999 3005 1170 3048 consueve-

37 3091 107 3152 mnt
151 3088 266 3175 Itaque
290 3093 436 3176 quamvis
461 3093 623 3178 sagaciter
651 3089 782 3176 singula
810 3089 914 3154 multa
942 3090 1010 3154 sire
1033 3090 1075 3156 ab
1098 3091 1171 3155 aliis

38 3191 92 3256 sire
109 3219 128 3259 a
145 3195 258 3282 Lipsio
282 3198 488 3281 potissimum
508 3202 541 3263 et
555 3197 727 3264 Ciacconio
747 3197 932 3281 excogitata
956 3197 1037 3280 sint,
1061 3202 1171 3262 tamen

38 3302 174 3368 continua
207 3305 404 3370 instauratio
435 3306 523 3370 tituli
555 3305 697 3370 universi
735 3327 773 3368 ex
808 3304 987 3370 editoribus
1021 3305 1170 3368 omuibus

39 3407 104 3471 unlli
126 3410 170 3474 ita
193 3413 349 3476 successit
371 3417 408 3477 ut
431 3413 512 3476 artis
536 3411 663 3496 legibus
687 3411 767 3475 satis
790 3410 913 3476 factum
938 3411 994 3495 sit,
1020 3411 1170 3495 supplen-

39 3509 118 3596 lique
143 3517 314 3583 conamina
342 3517 381 3582 ad
410 3541 509 3584 unum
537 3519 660 3600 omnia,
692 3521 729 3582 ut
756 3517 791 3581 in
818 3517 880 3582 hoc
909 3518 1100 3600 subsistam,
1133 3539 1170 3581 eo

40 3627 176 3688 comunt
203 3624 289 3709 quod
317 3625 564 3690 intervallorum
593 3625 735 3688 rationes
763 3645 828 3688 non
853 3623 948 3688 ruodo
972 3646 1037 3688 non
1061 3624 1169 3687 obser·

40 3727 227 3816 resecatis,
250 3733 307 3797 sed
328 3731 550 3798 incredibilem
574 3729 608 3794 in
633 3727 763 3794 modum
787 3730 955 3813 neglectae
979 3733 1064 3794 sunt.

113 3834 198 3911 Quae
222 3859 296 3902 curn
319 3839 367 3903 ita
389 3843 511 3922 esseut,
538 3837 600 3902 lroc
624 3837 785 3922 agendum
816 3857 886 3898 csse
910 3841 1039 3918 praeter
1063 3839 1169 3900 cetera

43 3933 261 4028 intellegebam,
294 3948 331 4010 ut
358 3968 421 4030 qua
449 3949 559 4030 posset
583 3944 643 4008 lide
672 3967 709 4007 ac
733 3941 890 4024 religione
919 3941 959 4006 ad
983 3941 1168 4026 superstitis

44 4039 138 4124 lapidis
164 4051 408 4117 similitudinem
436 4051 605 4134 inscriptio
633 4049 821 4132 Capitolina
848 4047 952 4112 denuo
984 4069 1167 4132 repraesen-

44 4154 152 4218 meror.
200 4156 237 4222 Id
265 4157 365 4242 igitur
393 4157 477 4244 quod
505 4157 570 4222 iam
599 4155 701 4221 videri
733 4159 844 4237 potest
875 4154 908 4218 in
936 4153 1062 4220 adiecta
1093 4155 1168 4220 huic

45 4263 285 4330 commentationi
310 4265 423 4330 tabula
447 4265 525 4330 satis
549 4263 763 4350 probabiliter
781 4261 973 4345 praestitum
993 4283 1072 4346 esse,
1095 4285 1168 4328 cuu-

45 4356 139 4430 iunctis
161 4391 232 4434 cum
257 4373 369 4434 nostra
388 4369 549 4436 industria
568 4377 600 4436 et
618 4367 819 4454 lithographi
841 4366 925 4432 haud
945 4367 1070 4450 vulgari
1090 4369 1167 4432 arti-

46 4465 102 4532 llcio
126 4479 156 4537 et
177 4475 357 4540 Hsuarcr
385 4475 562 4540 Birvrerrrl
595 4477 698 4541 nostri
732 4473 839 4538 studio
872 4473 1022 4538 debetur:
1055 4497 1075 4538 a
1103 4495 1166 4558 quc

87 4591 120 4628 m.
135 4595 277 4634 rrrscssuu
293 4599 426 4634 orvscvua
442 4599 477 4636 rr.
919 4584 950 4632 18
