3108 5142
259 395 478 444 srrnsrarvu
501 393 683 444 unsarcvu
708 395 875 444 souaouu
899 395 1050 444 cassem.
1188 379 1226 444 17

100 541 271 622 essentque
289 537 370 606 adeo
389 539 473 604 veria
493 538 658 604 contraria
674 541 824 622 posterae
842 539 1101 604 ratiocinationis
1119 560 1228 604 neces·

100 643 170 708 sitas
191 645 324 711 evincat
355 643 488 711 Etenim
511 667 583 710 cum
607 645 823 710 ratiocinandi
842 644 969 730 copiam
989 643 1228 730 meditandique

99 751 190 816 otium
224 751 361 838 deneget
399 752 585 837 plerumque
623 752 723 818 horae
760 755 960 818 momentum
992 751 1229 818 transcribendi

98 859 218 943 negotio
240 881 441 943 concessum,
465 861 502 925 fit
525 863 574 938 ut,
598 859 684 946 quod
703 865 876 946 properata
895 859 1080 924 coniectura
1098 859 1228 926 inresti-

98 985 180 1048 gasse
198 967 293 1030 nobis
313 967 487 1050 videamur,
509 965 542 1031 id
561 969 730 1052 tamquam
753 987 867 1050 reapse
890 965 1047 1050 scriptum
1071 965 1105 1030 in
1123 965 1230 1050 lapide

97 1071 307 1154 praeiudicata
334 1073 487 1158 opinione
514 1072 657 1158 deceptis
686 1073 787 1138 oculis
816 1079 848 1138 et
872 1073 960 1138 velut
982 1073 1152 1138 fascinatis
1175 1094 1229 1156 ap-

98 1183 206 1260 pareat.
244 1179 313 1246 Nec
337 1181 443 1246 minus
467 1179 530 1246 hoc
552 1181 586 1245 in
608 1179 740 1246 illorum
764 1201 866 1266 genus
890 1181 1049 1262 codicum,
1077 1201 1159 1264 quos
1182 1200 1229 1244 re

97 1285 222 1369 scriptos
243 1287 395 1371 barbare,
418 1287 517 1352 latine
537 1286 704 1352 daleticios
724 1307 889 1368 vocamus,
913 1309 1010 1372 quam
1029 1286 1062 1350 in
1081 1307 1230 1352 corrosos

98 1391 208 1474 lapides
231 1395 327 1460 cadit.
368 1393 413 1460 Et
435 1399 546 1460 tamen
568 1391 650 1458 nihil
679 1393 792 1458 critico
821 1393 1002 1476 molestius,
1030 1393 1231 1480 indagandae

97 1499 215 1564 cantati
237 1499 323 1566 nihil
346 1521 416 1564 esse
439 1499 652 1584 perniciosius
676 1503 788 1584 potest
810 1521 908 1584 quam
932 1521 1041 1566 earum
1067 1523 1189 1586 rerum,
1211 1523 1231 1566 a

97 1605 201 1688 quibus
220 1609 390 1690 tamquam
408 1605 628 1672 fundamentis
648 1607 714 1670 suis
733 1605 898 1672 divinandi
917 1627 1015 1690 opera
1033 1608 1138 1673 omnis
1157 1629 1277 1694 pro-1v

98 1712 247 1778 ficiscatnr
266 1715 430 1798 oporteat,
453 1713 503 1778 rel
527 1711 691 1798 ignoratio
709 1711 761 1777 rel
779 1733 845 1778 non
865 1713 945 1778 satia
965 1713 1057 1778 finita
1076 1717 1230 1802 cognitio:

98 1819 168 1902 sive,
202 1819 289 1906 qnod
320 1841 385 1886 non
419 1819 594 1886 observata
631 1823 706 1884 sunt
739 1843 820 1905 quae
857 1820 1059 1886 observanda
1095 1821 1232 1906 fuerant,

97 1925 221 1992 fluctuat
242 1926 412 2012 indicium,
437 1927 504 1993 sive
528 1926 628 2012 quod,
651 1948 733 2010 quae
756 1949 823 1992 non
842 1927 993 2011 ridenda,
1016 1928 1087 1994 visa
1107 1933 1181 1994 sunt
1199 1935 1232 1996 et

97 2033 232 2117 cupidius
264 2033 394 2100 credita.
445 2021 650 2120 Quapropter
681 2033 783 2118 priua,
820 2056 917 2120 quam
953 2041 1030 2119 post
1067 2041 1231 2120 peractam

97 2139 344 2206 emendationem
374 2141 479 2206 denuo
508 2139 656 2224 inspecto
684 2141 932 2226 examinatoque
961 2141 1069 2226 lapide
1099 2142 1232 2228 librove,

97 2267 147 2312 nec
168 2247 245 2332 quid
268 2247 400 2313 tandem
427 2251 461 2313 et
484 2252 641 2334 quantum
669 2248 703 2313 in
725 2248 785 2312 tali
809 2253 1091 2314 monumentorum
1115 2270 1232 2335 genere

97 2353 242 2438 scriptum
269 2355 388 2438 exstet,
420 2375 492 2418 cum
520 2353 630 2436 aliqua
657 2351 853 2419 confidentia
880 2354 1082 2438 exploratum
1111 2355 1234 2442 haberi,

96 2483 146 2526 nec
167 2461 240 2546 ipsa
262 2461 443 2528 emendatio
468 2460 555 2526 credi
578 2463 688 2546 potest
711 2461 854 2544 perfecta
877 2483 957 2528 esee.
1118 2519 1123 2526 .

174 2568 219 2634 Et
241 2567 322 2634 haec
349 2569 479 2652 quidem
507 2567 677 2653 praefandi
705 2569 982 2652 opportunitatem
1011 2569 1233 2635 memorabilis

96 2673 256 2759 inscriptio
287 2674 451 2758 praebuit
470 2661 718 2760 argumentique
749 2675 883 2740 raritate
912 2673 1100 2762 insignis*),
1137 2697 1233 2762 quam

96 2777 294 2846 felicissimus
324 2781 359 2846 in
386 2779 448 2846 hoc
477 2801 595 2866 genere
623 2781 753 2846 celatum
782 2783 946 2866 indopator
968 2781 1019 2866 (ut
1042 2805 1115 2848 cum
1138 2791 1234 2870 poeta

96 2883 215 2973 loquar)
228 2887 445 2954 Tunononvs
460 2887 698 2954 Mouusaruvs
722 2886 827 2952 Roma
845 2909 948 2972 nuper
962 2887 1109 2954 Bonnam
1129 2895 1233 2956 trans-

98 2991 180 3056 misit
200 2991 311 3059 Museo
334 2999 446 3062 nostro
470 2993 668 3080 philologico
698 2993 912 3079 inserendam,
936 2995 1025 3060 cuius
1049 3019 1119 3062 cam
1142 2997 1234 3064 fasci·

99 3100 181 3165 culns
203 3101 326 3186 primns
350 3103 433 3168 sexti
456 3101 629 3168 voluminis
653 3101 785 3167 tenebit.
818 3101 950 3168 Interim
974 3107 1083 3168 maren
1106 3125 1177 3170 eam
1200 3105 1234 3170 in

99 3209 263 3272 menstruis
287 3207 416 3274 schedis
439 3207 584 3274 Institnti
609 3208 860 3294 archaoologici,
883 3231 964 3294 quae
988 3209 1160 3276 Baliarico
1187 3211 1234 3276 iu·

100 3315 229 3399 scriptae
251 3315 376 3382 Romae
399 3314 573 3400 prodeunt,
601 3313 697 3380 huius
726 3315 802 3380 anni
826 3315 981 3382 fasciculo
1000 3315 1029 3380 V
1052 3338 1084 3400 p.
1098 3317 1141 3382 94
1165 3317 1236 3402 ipse

100 3421 267 3500 publicavit
290 3421 402 3488 eodem
425 3443 557 3507 prorsus
582 3421 678 3488 modo
705 3422 830 3487 lacunis
859 3422 1031 3508 suppletis,
1062 3421 1117 3488 sed
1141 3424 1235 3490 etde

102 3525 213 3612 reliquo
245 3533 437 3614 argumento
469 3529 565 3613 longe
595 3526 742 3594 breviore
770 3529 1036 3596 commentariolo
1064 3530 1175 3595 addito
1203 3535 1236 3595 ct

102 3633 219 3700 omissis
242 3657 324 3719 qnae
347 3637 388 3702 ad
411 3635 531 3721 lapidis
559 3634 780 3702 condicionem
807 3635 1048 3702 describendam
1072 3637 1235 3720 pertinent

102 3741 250 3806 omnihus.
300 3741 390 3808 Haec
421 3745 531 3808 autem
563 3741 636 3826 ipsa
672 3763 745 3806 cum
777 3747 890 3806 nostra
921 3743 1079 3826 imprimis
1116 3743 1236 3808 referat

102 3864 283 3930 cognoscere
302 3870 399 3932 quam
418 3848 615 3934 planissime,
633 3869 698 3913 non
713 3847 877 3932 potuimus
896 3869 960 3912 non
982 3849 1085 3932 ipsam
1100 3847 1234 3914 Momm·

104 3953 174 4016 senii
196 3975 327 4020 manum
351 3954 443 4020 vobis
467 3957 711 4039 repraesentare
734 3953 934 4038 lithographi
961 3959 1031 4018 arta
1054 3955 1088 4021 in
1112 3955 1236 4021 adiecta

103 4052 169 4122 huic
189 4061 353 4144 prooemio
376 4060 545 4146 tabula**)
576 4065 698 4146 quanta
725 4060 795 4124 fieri
822 4060 885 4124 lide
912 4061 1020 4144 potuit
1042 4083 1237 4146 expressam,

105 4179 302 4194 ”w—0..—

165 4234 189 4304 *J
209 4233 261 4306 [Cf.
280 4234 436 4290 Mommsen
455 4236 475 4290 1.
496 4237 530 4292 N.
548 4241 625 4302 trac,
652 4235 764 4290 Hennes
784 4237 829 4292 Or.
846 4243 924 4306 6605,
953 4237 1105 4292 Buecheler
1124 4237 1237 4292 Anthol.

106 4319 237 4392 erimpn
256 4323 305 4378 lac
325 4341 397 4394 spec.
418 4325 429 4378 1
449 4324 564 4394 (crypt.
587 4327 665 4392 iero)
685 4343 711 4378 n.
730 4324 828 4380 xxix.
866 4325 895 4382 c.
910 4327 966 4398 w.]

155 4413 194 4480 **)
214 4409 316 4482 [Quam
335 4413 491 4468 iterandam
506 4413 552 4470 hic
566 4413 670 4480 cnravi,
685 4431 748 4469 cum
763 4417 824 4470 tcta
839 4414 985 4472 Ritscbelii
1000 4414 1153 4485 disputatio
1168 4413 1236 4468 ima·

8 4483 9 4530 ³
107 4494 162 4562 gine
179 4497 207 4553 n
225 4517 258 4556 es
276 4501 401 4558 exhibita
419 4503 533 4558 nacor.
570 4501 600 4556 c.
616 4501 672 4574 w.]

153 4605 190 4642 ru.
204 4607 350 4646 ariacum!
369 4611 501 4648 OPVBCVLA
521 4612 557 4646 lv.
1026 4609 1041 4656 2
