2984 5122
317 359 383 423 lue
428 377 475 424 nn
500 377 766 426 oncmnamoun
791 379 938 438 Qvanan
962 379 1093 427 numne
1117 379 1364 428 nncenninonn.

316 518 538 604 Minatis?*)
562 519 750 585 dominante
766 521 935 586 etiamtum
949 542 965 587 c
982 523 1094 588 littera
1111 524 1200 607 proi
1218 527 1251 586 nt
1267 521 1413 586 inSllllOL

317 624 497 690 MERETO
531 624 716 690 AIDILES.
769 626 856 691 Nam
884 630 1092 712 quantumvis
1120 630 1212 695 varia
1238 631 1325 694 fucrit
1346 630 1414 693 ranis
1476 662 1480 728 7

317 732 351 794 in
375 733 471 797 terris
495 733 686 817 gentibnsve
704 734 828 799 Italicis
849 734 1003 801 formatio
1027 737 1274 822 gentiliciorum,
1294 735 1362 822 qnod
1379 757 1415 819 ge
1476 731 1480 789 ἑ

316 861 376 902 nus
403 844 479 922 post
503 840 711 905 Hucbnerum
743 842 854 924 paucis
886 864 990 926 nuper
1016 841 1187 907 Hennenus
1220 843 1417 928 comprehcndit
1478 907 1479 914 χ

316 943 473 1011 Orelliani
498 948 671 1012 voluminis
694 947 743 1012 ΙΙΙ
767 971 797 1032 p.
818 950 882 1013 242
901 971 962 1033 sq„
985 950 1149 1014 tamenin
1167 955 1232 1014 ates
1254 950 1416 1014 terminatum

316 1074 433 1116 nomen
456 1050 507 1138 (ut
529 1054 564 1118 in
587 1058 682 1122 anns
706 1055 798 1120 e-m’a
820 1059 892 1121 e‘n‘a
919 1057 1015 1122 ‹in—na
1043 1039 1114 1121 ina
1136 1042 1231 1122 iffi
1259 1059 1339 1124 eu‘a‘s
1359 1039 1417 1120 inas
1472 1012 1478 1105 i

316 1160 465 1223 exeuntia
484 1158 638 1246 plurima)
658 1185 817 1246 nusquam
837 1185 989 1247 umquam
1008 1167 1171 1248 repertum
1191 1167 1249 1228 est
1277 1162 1358 1228 Vnde
1372 1184 1418 1225 csse

316 1288 512 1351 consequens
541 1269 760 1356 intellegimus
789 1270 969 1354 antiquitus
996 1269 1036 1333 ad
1064 1269 1127 1336 hoc
1154 1270 1331 1354 exemplum
1354 1268 1420 1332 dccli·

316 1377 430 1437 natum
454 1396 536 1440 esse:

448 1521 534 1564 nom.
560 1497 743 1564 Gorncles
880 1511 885 1522 ’
1144 1499 1319 1565 Cornelis

449 1627 521 1691 gen.
559 1605 746 1672 Cornoles
770 1606 821 1694 (ut
846 1606 1053 1693 SALVTES)
1144 1606 1322 1672 Cornelis

449 1712 514 1780 dat.
562 1713 726 1779 Cornclc
750 1713 801 1801 (ut
823 1711 1008 1800 IVNONE)
1143 1713 1301 1779 Corneli

449 1842 512 1884 acc.
560 1820 767 1904 Cornelem
1145 1817 1338 1886 Cornelim

315 1965 448 2026 prorsus
472 1949 509 2008 ut
533 1947 606 2011 alis
631 1947 704 2011 alis
729 1947 782 2010 ali
806 1950 838 2010 et
860 1949 897 2010 ut
920 1950 999 2028 puto
1024 1945 1123 2011 alim.
1155 1945 1281 2022 Quibus
1299 1947 1348 2032 qui
1364 1945 1425 2009 volet

316 2050 476 2114 ablativos
511 2053 608 2118 addat
646 2052 834 2118 Cornelcd
873 2051 1061 2117 Cornelid.
1118 2051 1319 2116 Veterrimac
1348 2057 1425 2114 auten

315 2159 589 2240 pronuntiationis
614 2160 736 2244 aliquid
759 2159 867 2224 haesit
890 2159 924 2223 in
947 2158 1067 2242 plebeii
1092 2159 1252 2224 sermonis
1276 2159 1377 2224 formis
1395 2177 1426 2219 u—

315 2265 512 2329 ccntioribus
533 2266 600 2329 illis
624 2289 703 2350 quas
727 2264 942 2348 supraposui
966 2289 995 2348 p.
1015 2266 1035 2330 6
1061 2266 1154 2346 [449]
1175 2288 1221 2350 sq.
1250 2261 1426 2332 LVCILLES

316 2373 362 2453 et,
390 2371 417 2434 si
442 2371 539 2436 modo
563 2372 643 2435 satis
667 2373 696 2435 ci
720 2372 808 2456 fidei,
840 2369 1009 2436 APILES:
1039 2370 1197 2455 aquibus
1227 2371 1335 2457 aliquo
1356 2373 1426 2436 inter·

315 2475 403 2540 vallo
427 2477 633 2543 BARNAES
657 2479 765 2544 distat.

366 2562 372 2574 .
405 2584 526 2661 Quodsi
540 2606 598 2666 per
613 2584 692 2648 satis
708 2585 883 2649 multorum
903 2607 1062 2650 annorum
1081 2585 1326 2653 diuturnitatem
1344 2591 1393 2652 ets
1406 2589 1426 2647 el

277 2712 346 2754 um
364 2691 475 2756 littera
490 2692 595 2756 finalis
612 2691 718 2756 omitti
734 2691 830 2756 solita
846 2695 897 2756 est
911 2692 1073 2757 communi
1091 2693 1329 2778 consuetudine,
1345 2713 1426 2757 rursm

314 2796 393 2862 hacc
418 2799 556 2862 subnata
580 2798 754 2862 declinatio
779 2802 829 2862 cst
851 2821 983 2863 casuum
1003 2799 1189 2864 discrimine
1210 2800 1296 2865 omni
1316 2801 1426 2865 sublato:

474 2946 558 2988 nom.
581 2923 759 2989 Cornelis
921 2923 1079 2990 Corneli

474 3054 545 3117 gen.
583 3029 760 3096 Cornelis
923 3029 1080 3097 Corneli

475 3139 539 3204 dat.
581 3136 739 3203 Corneli
925 3136 1080 3204 Corneli

475 3268 539 3310 acc.
581 3243 776 3309 Cornelim
924 3243 1081 3310 Corneli

315 3369 459 3454 proxime
493 3369 532 3432 ad
565 3391 674 3433 eorum
708 3368 952 3432 similitudinem
988 3392 1068 3454 quac
1100 3394 1205 3456 nuper
1236 3371 1424 3458 proponebam

315 3475 419 3538 Musei
443 3475 545 3540 Rheu.
569 3480 591 3539 t.
610 3475 687 3539 XIV
711 3498 741 3558 p.
760 3475 823 3539 401
846 3499 892 3560 sq.
919 3477 1031 3560 [snpra
1054 3499 1084 3560 p.
1103 3477 1200 3559 408]:

474 3623 559 3665 nom.
581 3606 757 3665 matrona
919 3605 1053 3665 senatu
1216 3602 1277 3670 die

474 3730 546 3793 gen.
582 3713 759 3771 matrona
921 3712 1056 3772 senatu
1217 3709 1276 3774 dic

474 3815 538 3878 dat.
583 3818 758 3877 matrona
919 3819 1054 3878 senatu
1215 3815 1276 3880 die

475 3944 538 3986 acc.
580 3925 757 3984 matrona
918 3925 1054 3986 senatu
1216 3922 1275 3987 dic

1486 3827 1488 3866 l

1486 3879 1488 3972 l

314 4048 362 4112 llx
393 4047 459 4110 illis
490 4046 591 4129 igitur
620 4067 751 4108 casuum
780 4045 891 4108 formis
925 4045 1020 4128 plane
1053 4046 1214 4131 parilibus
1246 4069 1316 4111 cum
1343 4063 1422 4107 unuln·
1487 4113 1488 4130 χ

315 4154 562 4236 uondnutivnm,
586 4154 656 4217 sola
675 4154 836 4237 scriptura
855 4154 1045 4237 posterioris
1065 4155 1182 4219 aetatis
1207 4153 1343 4234 servarit,
1362 4148 1421 4212 alto

402 4402 427 4468 *)
448 4403 499 4470 [Cf.
517 4417 614 4455 comui.
630 4400 655 4452 ll
670 4419 696 4469 p.
708 4400 758 4454 Vll
774 4403 847 4469 (474)
863 4403 892 4455 ct
902 4418 973 4470 quae
987 4399 1098 4470 scripsit
1108 4399 1346 4456 ltitscbclinsldus
1356 4393 1419 4446 lthcn.

316 4489 377 4545 XVI
397 4508 422 4560 p.
435 4497 485 4544 525
501 4491 540 4558 (iu
555 4491 608 4544 line
623 4490 738 4544 alterins
753 4490 994 4545 commentationis
1009 4489 1082 4545 infra
1096 4509 1122 4560 p.
1134 4497 1185 4545 477
1201 4488 1330 4561 repetita).
1351 4475 1418 4546 cuj
