3020 5118
575 1171 643 1253 Vi.

140 1342 193 1426 De
222 1343 349 1428 titulo
378 1344 581 1428 columnae
610 1345 804 1428 rostratae
833 1347 1064 1432 Duellianae

206 1489 211 1498 ’
367 1503 488 1572 (maro
504 1503 603 1560 ossum
621 1504 851 1575 rsoaograpme).

282 1906 289 1919 .
337 1813 363 1884 Ι.
401 1813 675 1886 Commentatio
704 1813 816 1908 prior.
824 1815 876 1932 ἢ)

119 1987 154 2052 ln
172 1988 377 2054 venerandae
391 1989 564 2054 vetustatis
583 1991 801 2056 monumentis
821 1991 934 2054 haberi
953 1989 1050 2054 solita
1066 1989 1205 2054 tabulas

49 2093 94 2158 illa
121 2117 318 2180 marmorea,
351 2117 447 2182 quam
475 2100 601 2182 partem
630 2118 700 2160 esse
728 2095 862 2160 eredunt
889 2097 1088 2162 columnae
1118 2118 1178 2159 ro-

51 2205 176 2267 stratae
195 2201 231 2268 G.
247 2201 404 2266 Duellio
429 2201 565 2286 positae,
588 2203 716 2288 quando
740 2206 774 2267 et
792 2203 846 2267 ubi
867 2207 995 2288 reporta
1014 2203 1065 2286 sit,
1088 2207 1178 2268 oerto

50 2306 245 2394 loeupletique
270 2309 459 2374 testimonio
479 2331 560 2374 unus
581 2309 719 2376 Annus
743 2309 959 2375 Mauvrrvs
984 2332 1084 2394 nepos
1105 2331 1176 2394 pro-

51 2412 121 2478 didit.
163 2416 195 2480 ls
224 2417 314 2482 enim
342 2415 409 2480 eius
441 2415 573 2480 tabulae
601 2416 712 2502 titulo,
749 2439 844 2501 quem
877 2417 999 2502 primus
1032 2416 1177 2480 omniurn

51 2521 175 2604 vulgavit
203 2525 237 2590 in
267 2521 543 2608 ‘Orthographiao
571 2523 720 2590 rationis'
753 2525 898 2609 pleniora
926 2524 1067 2590 editione
1096 2545 1177 2608 quae

80 2685 240 2694 -·-—--..-.-

121 2787 144 2854 ⁸)
162 2787 316 2858 [Tabulam
336 2786 386 2842 Vll
405 2803 460 2842 non
479 2787 565 2842 talem
590 2787 766 2843 exhibuimus
784 2787 895 2856 qualem
915 2785 1084 2842 Bilaclrelius
1103 2803 1176 2842 oom-

52 2877 193 2932 menlationi
216 2875 304 2946 priori
324 2875 459 2946 adiunxit,
485 2877 567 2932 aede
592 2895 728 2932 marmore
747 2877 837 2932 denuo
857 2877 981 2948 inspecto
1001 2875 1176 2930 emendatam

53 2965 228 3022 eluimur.
250 2969 282 3022 b.
301 2967 337 3024 Μ,
357 2967 389 3022 Ε.
408 2969 465 3022 tab.
486 2967 566 3022 XCV.
596 2967 720 3022 Eandem
740 2965 891 3036 imaginem
910 2966 965 3022 iam
986 2969 1174 3036 repraesenta·

53 3057 114 3107 s'erat
134 3054 302 3111 Bitscholius
327 3055 355 3110 in
379 3056 477 3112 tabula
499 3056 675 3126 xylograplra
699 3055 929 3110 commentationi
957 3055 1039 3108 alteri
1067 3055 1176 3108 muers

54 3155 131 3210 1sarolus
144 3143 246 3201 iterata
267 3145 296 3200 in
315 3145 409 3200 Euarr.
424 3164 451 3215 p.
463 3151 505 3199 δῦ.
521 3148 574 3214 86),
599 3145 626 3198 in
646 3163 703 3214 qna
718 3147 862 3214 praeterea
879 3144 1076 3214 supplementa
1090 3143 1177 3198 totius

54 3227 224 3302 inscriptionis,
248 3233 347 3304 qualia
365 3234 419 3305 ipsi
438 3233 594 3289 necessaria
613 3233 673 3288 visa
691 3235 763 3300 sunt,
783 3232 912 3288 addenda
930 3231 1045 3288 curavit.
1084 3231 1176 3286 Minus

53 3317 120 3384 igitur
136 3327 207 3377 reete
226 3323 341 3392 scripsit
359 3323 505 3378 Hennenua
524 3321 552 3376 in
568 3321 596 3377 C.
608 3322 626 3376 1.
639 3323 669 3376 L.
685 3321 757 3390 Vl,l
782 3341 808 3392 p.
825 3327 890 3376 285:
911 3321 1076 3392 ‘imaginem
1091 3321 1174 3376 litho-

55 3409 165 3476 graphan
183 3411 264 3468 dedit
282 3412 391 3468 Ritsehl
410 3411 438 3466 iu
458 3413 666 3482 programmate
685 3409 876 3466 universitatis
892 3410 1044 3466 Bonnensis
1063 3429 1088 3466 a.
1106 3417 1174 3466 1852

56 3495 76 3546 oi
91 3496 113 3551 Ρ,
126 3499 153 3553 L.
167 3501 201 3558 M.
222 3501 282 3556 tab.
302 3501 384 3570 XCV,
403 3501 581 3556 emendatam
604 3503 669 3570 post
691 3498 848 3570 inspectum
870 3517 888 3554 a
906 3500 1027 3554 Bruunio
1052 3500 1175 3568 lapidem

56 3579 135 3640 ilerum
159 3586 187 3642 iu
215 3591 424 3658 programmate
452 3587 640 3642 universitatis
673 3588 795 3643 eiusdem
828 3607 852 3642 a.
879 3594 944 3644 1861
975 3592 1004 3643 ot
1032 3589 1060 3644 Ρ.
1085 3590 1114 3642 L.
1138 3587 1174 3642 nl.

57 3675 123 3734 uos.
141 3675 191 3730 86)
231 3677 260 3733 C.
277 3677 334 3745 W.]

109 3762 145 3832 ⁸¹⁵)
163 3765 356 3837 [Programma
369 3765 560 3822 academicum
575 3765 718 3822 Bonnense
733 3783 757 3820 a.
776 3771 841 3820 rso-2
863 3764 1017 3820 ‘Natalioia
1032 3765 1174 3833 Auguralis·

58 3845 104 3902 uui
119 3855 186 3924 rogis
199 3855 334 3910 liridorioi
348 3855 480 3912 Guileimi
501 3856 552 3912 1111
572 3897 614 3912 ...
633 3855 679 3910 dio
694 3855 745 3910 XV
759 3874 795 3910 m.
808 3855 917 3910 Octobr.
929 3871 953 3909 a
965 3851 1174 3909 crorocoonu

59 3940 251 4001 wuoelebrauda
265 3945 365 4002 indioit
378 3947 408 4001 l'.
424 3947 468 4002 R.'
484 3945 663 4016 singulariter
677 3945 716 4002 aio
731 3945 909 4014 inscriptum:
931 3943 1089 4012 ‘inscriptio
1103 3959 1174 4011 quiae

60 4021 125 4082 fertur
149 4032 289 4090 columnae
313 4038 451 4092 rostratae
474 4035 645 4091 Duellianae.
679 4035 715 4088 ud
743 4033 825 4088 fidem
855 4032 999 4088 risormoris
1022 4031 1174 4102 Capitolini

62 4120 161 4188 exemplo
177 4122 355 4196 lithograpbo
374 4124 582 4194 exprimendam
602 4124 711 4178 narravit
730 4123 759 4178 F.
779 4121 968 4177 ltitscbolius.’
1001 4121 1174 4192 Bibliopolas

63 4198 203 4267 Borolinensi
221 4213 252 4269 (l.
272 4213 433 4268 Trantwsiu
456 4213 591 4270 traditum
612 4214 639 4266 in
659 4211 803 4282 publicum
821 4209 927 4282 prodiit
950 4209 1053 4266 additis
1072 4209 1102 4264 in
1121 4211 1174 4263 lino

63 4287 220 4366 inscriptionis
238 4303 281 4358 bis
300 4302 406 4360 verbis:
427 4301 550 4358 ‘mandit
568 4299 761 4358 commentarii
780 4319 845 4370 pars
860 4301 891 4356 1.’
927 4300 998 4356 Vide
1017 4317 1089 4355 nuno
1109 4299 1136 4352 C.
1155 4299 1174 4352 1.

66 4377 146 4545 gival.
160 4395 218 4460 ¹⁹53
236 4393 282 4462 Vl,
303 4399 317 4448 1
337 4399 464 4460 m13003
490 4393 520 4447 P.
539 4393 569 4446 L.
589 4393 626 4446 M.
645 4391 676 4446 a.
696 4390 753 4446 tab.
770 4389 841 4446 XCV
861 4393 890 4446 et
909 4389 1003 4445 Enarr.
1022 4407 1050 4460 p.
1065 4393 1099 4444 82
1115 4405 1173 4456 sqq.
