2972 5120
325 353 389 418 526
563 371 707 418 priscus
732 368 954 418 usmmnms
977 368 1236 417 airammum

323 535 389 577 non
417 513 601 577 dissuadere
633 515 775 597 tantum,
808 512 864 578 sed
893 515 1036 579 evertere
1066 510 1146 578 illud
1168 511 1340 595 ridebatur,
1363 511 1424 596 qnod

323 620 489 684 consulem
506 618 685 684 Minucium
709 621 841 685 omniuo
865 642 931 685 non
945 619 1006 684 Gai
1029 619 1148 702 filium,
1170 618 1226 703 qni
1248 623 1296 684 eat
1310 618 1341 684 in
1355 620 1428 684 titulo

323 722 485 810 Romano,
512 726 568 790 sed
591 724 670 790 Luci
698 727 802 790 filium
827 725 888 790 Gai
918 729 1072 810 nepotem
1095 727 1172 791 fasti
1196 724 1359 810 Capitolini
1380 747 1433 810 per-

322 833 481 898 hiberent.
511 834 617 919 Igitur
634 833 814 900 testimonii
834 833 928 898 fidem
953 855 1026 898 cum
1043 834 1208 919 potiorem
1226 832 1369 898 haberem
1383 831 1436 896 sols

323 940 553 1005 consuetudine
578 941 731 1024 quadam,
753 963 818 1006 non
842 941 934 1024 potui
957 962 1023 1006 non
1045 941 1080 1004 in
1103 941 1283 1026 posteriore
1305 940 1436 1005 sententia

323 1048 512 1131 subsistere,
539 1047 585 1112 rei
608 1046 815 1112 insolentiam
839 1069 1043 1132 quocumque
1070 1046 1167 1112 modo
1196 1047 1320 1111 leniens
1340 1045 1384 1110 rel
1402 1067 1436 1108 er·

322 1175 451 1218 cusanc:
485 1153 524 1217 ad
548 1152 765 1216 excusandum
793 1175 830 1217 eo
859 1151 988 1236 quidem
1011 1153 1158 1237 pronior,
1188 1174 1253 1237 quo
1275 1151 1437 1216 luculentius

323 1260 505 1343 exemplum
529 1282 595 1323 non
618 1259 763 1344 profecto
791 1259 922 1324 levioris
945 1260 1137 1324 insolentiae
1165 1259 1249 1324 illud
1272 1259 1373 1343 ipsum
1392 1280 1438 1322 nu

322 1366 491 1450 gisterium
521 1365 667 1448 equitum
693 1365 864 1449 praeberet
892 1387 965 1430 cum
988 1365 1159 1430 dictatoris
1187 1366 1325 1450 imperio
1351 1387 1438 1448 aeque·

322 1477 405 1556 tum,
429 1473 518 1537 cuius
542 1472 589 1537 rei
613 1471 892 1555 probabilitatem,
920 1473 983 1536 nisi
1007 1472 1224 1537 certissimum
1247 1473 1439 1538 testimouium

322 1579 460 1662 iuberet,
482 1600 577 1643 nemo
601 1601 755 1663 umquam
778 1579 879 1643 mcnti
904 1600 980 1643 suae
1002 1578 1237 1644 informaturus
1263 1583 1340 1644 erat
1372 1577 1439 1652 Quod

1480 2465 1482 2502 l

322 1690 435 1750 contra
458 1686 495 1749 de
515 1685 673 1750 dictatore
691 1707 757 1750 non
776 1685 937 1750 consulari
955 1685 1014 1750 illo
1034 1685 1141 1750 simile
1159 1686 1378 1751 testimonium
1394 1707 1439 1748 nou

322 1796 492 1876 suppetere
516 1793 632 1856 mirum
655 1791 757 1856 videri
780 1797 953 1876 propterea
979 1814 1046 1858 non
1073 1795 1216 1876 poterat,
1248 1793 1333 1878 quod
1354 1797 1383 1856 ot
1401 1812 1441 1874 per

322 1922 355 1962 se
383 1899 514 1963 levioris
547 1899 702 1963 momenti
736 1919 775 1962 ea
807 1920 858 1962 res
887 1905 984 1981 esset,
1014 1905 1203 1984 comparata
1234 1901 1361 1984 quidem
1388 1919 1441 1962 con

267 2019 269 2026 ’
323 2005 481 2088 ‘magistri
514 2004 659 2088 equitum
690 2003 869 2069 dictatoris'
902 2004 1063 2089 novitate,
1095 2008 1129 2069 et
1161 2005 1294 2070 illorum
1324 2006 1441 2090 ipsorum

322 2133 479 2175 armorum
502 2111 678 2176 533-535
702 2111 860 2176 memoria
881 2111 916 2175 in
934 2109 1078 2176 Liuianis
1103 2111 1197 2176 libris
1220 2111 1427 2176 intercidisset

410 2217 494 2281 Huic
522 2217 620 2301 igitur
647 2217 890 2283 ratiocinationi
917 2216 1105 2300 Henzenum
1131 2217 1233 2282 miror
1263 2219 1311 2283 ita
1336 2217 1441 2282 obrinn

322 2322 367 2386 irc
391 2326 427 2387 ut
450 2324 690 2388 accuratissime
715 2322 954 2396 aMommseno
979 2347 1049 2388 esse
1072 2323 1331 2390 demonstratum
1347 2327 1442 2388 narrcl

274 2455 309 2494 rx
325 2435 401 2494 onte
425 2452 545 2494 annum
569 2431 698 2516 quidem
722 2431 787 2494 434
812 2431 845 2496 in
868 2429 976 2494 XXXI
1003 2429 1216 2496 dictatoribus
1245 2433 1332 2496 viros
1353 2450 1442 2494 consu
1481 2515 1482 2520 ἵ

322 2537 406 2602 lares
429 2560 495 2602 non
517 2537 626 2620 plures
649 2559 743 2621 quam
765 2536 905 2602 sedecim
924 2537 1033 2619 fuisse,
1056 2542 1179 2604 ceteros
1197 2560 1263 2603 non
1283 2536 1442 2603 consulares
1481 2539 1482 2544 ’

322 2666 447 2709 omncs:
477 2644 517 2708 ab
542 2643 598 2707 illo
623 2647 732 2707 autem
756 2665 840 2708 anno
868 2665 934 2708 non
957 2642 1170 2729 pluraquam
1194 2643 1273 2728 duo,
1296 2645 1344 2709 vel
1365 2641 1441 2706 adno-

321 2755 446 2816 merato
462 2749 567 2815 Glicia
586 2750 692 2815 scriba
710 2750 776 2815 tria
794 2751 942 2834 exempla
959 2772 1025 2816 non
1043 2750 1262 2816 consolarium
1283 2753 1442 2835 suppetere:

321 2859 404 2922 unde
428 2879 627 2941 consequens
651 2879 721 2922 osse
745 2861 790 2930 ut,
805 2857 847 2920 ab
873 2856 966 2922 aunis
985 2856 1161 2922 533-535
1184 2856 1372 2923 dictatorem
1393 2871 1443 2917 noo

321 2967 523 3029 consularem
546 2964 657 3048 procul
680 2963 865 3028 habendum
889 2984 958 3026 esse
982 2962 1199 3046 intellegatur.
1231 2961 1354 3028 -Verum
1377 2959 1442 3024 enin
1482 3029 1483 3072 ,

320 3094 396 3136 vero
426 3071 589 3136 recordari
617 3069 720 3154 iuvat,
761 3091 844 3153 quae
872 3092 892 3132 a
918 3067 1120 3134 Mommseno
1148 3091 1218 3134 esse
1246 3069 1443 3136 demonstrata
1482 3073 1483 3154 j

321 3177 480 3262 dicuntur,
512 3200 562 3242 mc
590 3178 698 3262 ipsum
726 3175 935 3260 proposuisse
964 3176 1080 3240 omnia.
1126 3175 1257 3260 Quippe
1285 3177 1350 3260 ipse
1376 3173 1443 3237 dixe
1482 3251 1483 3258 ἵ

320 3307 389 3347 ram
412 3284 451 3348 de
475 3284 688 3348 dictatoribus
712 3305 777 3348 nou
801 3281 1023 3346 consularibus
1047 3281 1131 3346 mira
1153 3283 1279 3348 incuria
1299 3283 1338 3348 ab
1357 3278 1444 3346 enchi·

320 3389 476 3453 ridiorum
499 3394 685 3454 nostrorum
709 3388 924 3472 scriptoribus
948 3389 994 3452 ita
1020 3389 1133 3471 statui,
1156 3390 1251 3473 quasi
1274 3411 1369 3454 unum
1390 3393 1443 3450 tan

319 3498 389 3558 tum
419 3495 594 3560 alterumve
623 3497 805 3581 exemplum
835 3495 903 3559 eius
936 3494 1126 3560 insolentiae
1153 3496 1362 3579 reperiretur:
1390 3495 1443 3576 ipsc

319 3602 462 3668 dixeram
487 3623 605 3687 magno
630 3603 663 3666 iu
687 3602 749 3667 boc
772 3622 889 3686 genere
907 3601 1000 3665 biatu
1022 3601 1064 3666 ab
1084 3623 1196 3667 eorum
1216 3597 1441 3682 anrrorum,qu1¹

320 3714 394 3773 ante
419 3733 446 3774 a.
466 3710 532 3773 434
554 3709 698 3794 fuerunt,
722 3708 954 3774 cousuetudine
978 3730 1050 3772 eam
1074 3712 1215 3774 aetatem
1238 3709 1356 3773 distare
1378 3726 1442 3788 quor

319 3821 394 3898 post
418 3839 445 3880 a.
465 3817 530 3880 433
555 3815 629 3880 fuit:
661 3817 745 3899 ipse,
774 3837 856 3899 quae
884 3815 1053 3898 proportio
1081 3818 1168 3879 osset
1189 3813 1440 3879 consolarium&

318 3946 383 3988 non
410 3923 627 3987 consularium
647 3922 855 4003 dictatorum,
879 3944 944 3986 non
967 3921 1152 4005 indiligenti
1172 3925 1208 3985 ot
1231 3926 1309 4004 puto
1332 3937 1441 4000 compo

318 4030 409 4094 tandi
434 4051 532 4113 opera
555 4028 750 4093 definieram.
786 4027 949 4092 Diffcrunt
976 4049 1054 4092 sane
1077 4027 1204 4092 numeri
1224 4050 1244 4092 a
1261 4027 1440 4092 Mommscno

319 4138 418 4218 positi
442 4137 482 4200 ab
508 4137 553 4200 eis
578 4159 658 4219 quos
684 4157 743 4220 ego
767 4156 1015 4219 proposueram,
1039 4133 1095 4199 sed
1120 4135 1226 4218 specie
1244 4131 1346 4217 magis
1361 4149 1438 4214 quan

319 4266 351 4306 rc
375 4243 539 4307 differunt:
564 4245 682 4327 quippe
706 4265 820 4307 caussa
843 4265 942 4325 prope
966 4242 1070 4306 omnis
1096 4241 1184 4305 illius
1208 4235 1436 4306 differentiacio

319 4371 355 4410 eo
380 4351 522 4413 comitur
544 4350 631 4434 quod
655 4371 728 4435 og0,
759 4372 799 4413 ne
823 4348 956 4412 calidius
980 4368 1075 4433 agere
1099 4347 1233 4430 viderer,
1254 4344 1361 4410 eodem
1382 4359 1436 4404 cun

319 4454 396 4517 viris
420 4457 644 4520 consularibus
671 4456 743 4520 loco
773 4478 827 4519 cos
855 4475 951 4537 posse
979 4454 1102 4518 censeri
1130 4453 1265 4538 largitus
1291 4472 1375 4514 oram
1395 4443 1435 4527 ull
