2984 5122
836 1113 953 1195 XVI.
1470 1008 1476 1249 i

397 1265 447 1346 Dc
476 1265 740 1348 declinatione
769 1268 936 1369 quadam
963 1268 1091 1349 latino
1119 1266 1373 1349 reconditione.
1471 1278 1475 1341 :

630 1647 657 1718 I.
700 1647 973 1719 Commentatio
1001 1649 1154 1746 prior.*)

293 1837 305 1872 ³
408 1819 472 1883 Diu
492 1825 541 1883 est
560 1843 597 1884 ex
617 1843 679 1904 quo
706 1823 953 1905 inscriptionum
968 1823 1164 1886 Graecarum
1184 1823 1235 1886 vel
1254 1821 1378 1885 editores
1392 1814 1424 1878 rol
1473 1894 1474 1898 Ἰ

320 1926 512 2008 interpretes
536 1927 709 1992 declinatio
733 1930 890 2014 quaedam
913 1930 1079 1994 nominum
1099 1929 1250 2012 advertit,
1272 1949 1347 2011 quae
1364 1925 1425 1988 ineo
1469 1948 1474 1975 ι

320 2031 461 2094 cernitur
484 2033 569 2115 quod
594 2055 632 2096 ex
656 2039 703 2099 roc
723 2039 755 2098 et
774 2039 825 2102 ron
850 2036 985 2119 syllabis
1006 2045 1032 2100 ic
1053 2040 1085 2099 et
1104 2043 1134 2102 N
1155 2036 1244 2099 fiunt
1273 2033 1426 2117 Tetigcrnut
1473 2049 1474 2074 l

319 2136 409 2200 illam
433 2139 483 2201 vel
508 2138 637 2203 uberius
661 2143 821 2223 persecuti
840 2146 916 2205 sunt
935 2141 1118 2206 Boeckhius
1142 2140 1220 2206 C.1.
1240 2139 1277 2205 G.
1299 2163 1363 2204 curn
1378 2134 1426 2199 ann

320 2243 399 2307 locis
423 2247 493 2309 tum
516 2246 614 2310 noll
638 2270 668 2330 p.
683 2248 758 2310 307.Ι
781 2249 854 2312 475.
878 2248 951 2312 507.
976 2249 1049 2312 535.
1073 2249 1148 2331 915,
1171 2247 1355 2312 Welclrerus
1375 2240 1427 2324 Syll.

319 2350 418 2433 epigr.
438 2349 492 2414 Gr.
512 2376 541 2436 p.
559 2355 608 2436 18,
633 2354 808 2418 Franckins
832 2355 865 2418 in
888 2354 1032 2418 ltiehteri
1055 2355 1153 2419 lnscr.
1173 2378 1202 2438 p.
1220 2355 1291 2437 195,
1314 2353 1428 2417 osanna

319 2454 468 2541 Sylloges
493 2482 569 2523 suae
593 2483 623 2543 p.
643 2462 718 2544 437,
745 2461 901 2528 Francius
925 2463 1029 2527 Elem.
1052 2465 1153 2547 epigr.
1178 2461 1231 2526 Gr.
1255 2486 1285 2546 p.
1303 2463 1373 2542 248,
1391 2455 1428 2520 Cr·
1471 2467 1476 2503 ·'

318 2564 404 2627 rolus
434 2564 558 2630 Keilius
588 2565 677 2651 Spes.
701 2570 876 2672 onomatol.
901 2568 954 2633 Gr.
977 2592 1007 2652 p.
1028 2570 1068 2633 79
1088 2591 1171 2654 sqq.,
1207 2563 1428 2634 Letronniusiu
1471 2588 1476 2655 p

319 2669 462 2735 ‘llccueil
495 2672 550 2735 des
583 2674 677 2738 inser.
711 2674 748 2738 de
781 2674 946 2758 l’Egypte’
975 2676 1036 2740 tl
1064 2699 1094 2758 p.
1117 2677 1177 2739 111
1217 2679 1250 2738 et
1281 2675 1313 2739 11
1338 2697 1365 2758 p.
1383 2671 1429 2734 ltu.
1476 2695 1477 2702 ¹

320 2777 510 2843 Welckerus
535 2801 606 2844 curn
625 2780 741 2844 Rossio
761 2779 865 2845 Musei
884 2781 986 2846 Rhen.
1005 2783 1081 2846 novi
1100 2787 1122 2847 t.
1138 2782 1183 2846 IV
1205 2805 1236 2865 p.
1249 2782 1319 2846 186.
1346 2780 1429 2844 Exem-

318 2885 373 2966 pla
397 2886 437 2949 ab
461 2886 512 2948 his
537 2887 686 2969 collecta,
719 2892 755 2950 nt
782 2911 866 2952 nunc
893 2889 924 2952 in
950 2889 1135 2953 nominibus
1160 2911 1233 2954 vere
1258 2887 1380 2952 Graecis
1398 2905 1429 2945 mr

318 2993 511 3076 contineam,
534 2993 614 3057 haec
636 2993 737 3057 habes
762 3017 842 3078 quae
863 2995 997 3078 subieci,
1022 2996 1139 3060 additis
1159 2994 1351 3079 quibusdam
1366 2988 1430 3055 noris
1472 2962 1479 3115 ἱ

319 3121 354 3161 ex
380 3104 473 3181 parte
497 3100 710 3183 suppeditatis
738 3101 819 3164 mihi
849 3102 889 3166 ab
914 3103 1035 3165 amicis,
1082 3102 1224 3166 Primum
1249 3100 1431 3166 nominatim

317 3226 387 3266 rum
412 3205 508 3289 vulgo
537 3206 571 3268 in
595 3211 642 3272 roc
667 3207 897 3272 desinentium:
932 3211 951 3272 Γ
953 3209 1115 3273 ΑΛΛΑΤΙ(
1144 3209 1351 3274 ΔΗΜΗΤΡΙ(
1371 3203 1430 3269 Alli·

319 3312 431 3375 NYG(
460 3314 608 3377 ΕΙΜΕΡΙ(
643 3313 661 3376 i.
686 3336 711 3376 e.
740 3315 879 3392 Ἱμέριοεῑ
914 3315 1029 3398 quibus
1058 3315 1139 3378 adde
1167 3315 1352 3380 ΑΜΜΩΝΙ(
1374 3307 1432 3376 Cl-

317 3418 403 3480 4713
419 3439 445 3500 e,
467 3420 639 3483 ΑΝΠΕΛΙ(
659 3420 755 3484 5304.
771 3421 868 3502 0440,
891 3421 1085 3485 ΑΝΑΤΟΛΙ(
1108 3421 1142 3483 in
1162 3418 1343 3486 Cardinalis
1361 3418 1431 3482 lusu.
1478 3417 1482 3433 '

318 3523 473 3588 Veliterni.
497 3549 526 3608 p.
542 3527 620 3608 214,
644 3527 871 3591 ΑΠΑῘΟΥΡΙ(
895 3525 928 3590 C.
949 3527 973 3591 I.
994 3527 1090 3608 4419,
1114 3528 1343 3592 ΑΠΟΛΛΩΝΙ(
1364 3521 1430 3589 nont
1482 3513 1483 3542 l

319 3633 456 3698 ΕΡΩΤΙ(
485 3635 586 3716 9521,
619 3634 769 3698 ΛΙΒΑΝΙ(
799 3634 894 3697 8550.
919 3633 1014 3697 8554.
1067 3631 1135 3696 Neo
1162 3655 1196 3697 re
1225 3634 1351 3700 divorsa
1374 3640 1431 3693 sunt

318 3762 511 3824 quamquam
542 3740 647 3822 specie
678 3740 786 3822 paullo
818 3740 922 3824 magis
957 3740 1147 3824 singularia,
1184 3741 1352 3806 ΑΘΗΝΑΙ(
1375 3736 1430 3799 br·

318 3847 489 3926 Ἀθήναιος,
511 3847 688 3912 ΕΙΡΗΝΑΙ(
713 3847 870 3912 scitule:
895 3847 1011 3929 quibus
1031 3846 1127 3910 affine
1147 3847 1257 3911 ΑΡΙΕΤ
1260 3848 1317 3912 ΑΙ(
1336 3868 1350 3909 e
1367 3863 1429 3906 nun·

406 4059 431 4128 *)
451 4059 645 4130 [l‘rograrnma
664 4059 852 4112 ancadeniicum
874 4058 1018 4112 Bonnense
1037 4057 1103 4112 anni
1124 4065 1200 4124 1861,
1227 4057 1266 4111 sic
1285 4055 1430 4122 inscriptumv

319 4148 470 4202 ‘Natalieia
500 4147 582 4215 irc—gio
611 4147 808 4216 Angustissimi
836 4145 966 4200 Guilelmi
1082 4145 1126 4199 die
1151 4145 1226 4200 xxll
1252 4165 1287 4200 m.
1315 4140 1428 4198 Manlii&
1483 4153 1484 4220 ξ

317 4237 541 4290 unctuosum
566 4236 785 4290 concelebranda
805 4236 902 4289 indicit
924 4237 952 4289 F.
972 4236 1004 4289 R.
1049 4234 1195 4288 Praecedit
1219 4235 1253 4287 de
1277 4227 1428 4287 declinium

318 4324 438 4391 quadam
464 4326 552 4378 latinu
571 4324 754 4378 reconditione
775 4324 902 4392 quaestio
922 4323 1123 4392 epigraphica.'
1163 4322 1333 4392 Bibliopolas
1351 4311 1427 4370 Beni·

317 4412 395 4466 nensi
414 4415 434 4467 l.
451 4413 606 4480 Guttontag
626 4413 759 4466 traditum
784 4415 826 4465 est
850 4412 888 4464 sie
913 4412 1059 4465 decurtata
1083 4409 1279 4478 inscriptione:
1303 4407 1349 4461 ‘ne
1367 4398 1426 4454 dut·

318 4501 430 4556 natione
450 4503 569 4570 quadam
590 4501 678 4554 latina
697 4501 879 4554 reconditione
899 4500 1025 4569 quaestio
1045 4497 1246 4568 epigraphica’
1285 4497 1311 4550 0.
1325 4491 1372 4560 W]
