3020 5118
325 353 387 414 174
480 349 484 357 ’
602 373 821 420 norvanum
846 377 1080 423 sarcasmum
1105 378 1195 422 'rura

323 531 395 571 eum
420 512 569 594 aequales
590 514 759 579 Octaviani
779 517 918 600 Augusti
941 523 1056 601 poetae
1075 518 1225 599 periclum
1249 517 1403 600 dixeruut3
1422 519 1447 579 in

322 616 394 680 aliis
424 622 532 680 autem
561 618 613 683 hic
642 621 712 704 ipse
740 624 780 686 ad
809 624 1036 707 antiquitatem
1065 625 1187 687 reditus
1216 629 1284 687 tam
1313 629 1447 688 constans

323 726 426 788 evasit
449 727 673 810 communique
697 751 784 792 more
808 735 954 814 receptus
979 737 1036 814 cst,
1061 736 1097 793 ut
1119 731 1218 794 trium
1239 736 1379 794 aetatum
1395 753 1448 793 suc·

323 831 424 894 cessio
449 834 549 914 fieret,
573 856 709 916 quarum
733 837 831 900 tertia
855 837 1131 922 redintegraretur
1149 840 1275 922 primae
1300 839 1448 922 asperitas.

322 936 377 999 sed
406 961 487 1021 quae
523 941 588 1002 iam
621 943 783 1024 elegantia
815 944 923 1025 potius
957 944 1111 1026 quaedam
1146 945 1319 1009 videretur.
1369 944 1448 1008 Velut

321 1045 429 1107 (lectra
451 1045 589 1109 formam
613 1069 686 1110 cum
717 1048 855 1130 pristina
878 1055 968 1114 aetas
992 1052 1143 1134 probavit
1166 1056 1235 1114 tum
1258 1055 1355 1117 tertia
1380 1053 1450 1116 adul-

322 1154 374 1212 tae
396 1150 541 1235 linguae:
570 1152 674 1216 media
704 1160 809 1218 aetate
837 1157 1009 1240 trisyllaba
1036 1160 1160 1222 eleutero
1187 1159 1293 1222 forma
1317 1161 1449 1243 regnarit

323 1256 405 1340 sola,
435 1262 470 1322 nt
498 1261 581 1342 apud
610 1261 761 1325 Plautum
795 1264 925 1346 ubique,
959 1288 1055 1349 quam
1083 1266 1181 1329 tertia
1207 1266 1312 1348 poetis
1341 1271 1449 1330 tantun

322 1367 489 1429 concessit.
541 1367 741 1452 Quamquam
776 1372 893 1435 mirum
923 1395 992 1436 esse
1021 1396 1086 1438 non
1114 1377 1236 1456 potest,
1268 1374 1303 1458 in
1331 1373 1449 1457 singulis

322 1473 487 1538 vocabulis
516 1497 581 1539 nou
608 1499 738 1560 prorsus
767 1479 838 1560 pari
866 1480 916 1541 vel
943 1484 1125 1563 temporum
1155 1481 1205 1543 vel
1235 1480 1390 1563 graduum
1411 1479 1449 1541 rel

321 1582 561 1645 consuetudinis
600 1587 632 1645 et
667 1584 866 1668 frequentiae
905 1588 1114 1668 proportione
1146 1587 1205 1650 has
1238 1588 1382 1650 rationes
1410 1607 1449 1648 er·
1495 1644 1500 1653 .

321 1689 460 1770 aequari.
507 1689 576 1765 Quo
606 1691 639 1754 iu
663 1712 780 1774 genere
805 1715 901 1774 quam
926 1694 1097 1776 multiplex
1122 1694 1262 1758 varietas
1287 1695 1391 1775 fuerit,
1410 1693 1449 1756 de

321 1800 501 1859 monstrare
525 1797 614 1860 velut
642 1797 674 1859 in
698 1797 846 1862 Hercules
874 1821 951 1862 voce
980 1799 1153 1881 promiscui
1182 1821 1259 1863 usus
1284 1801 1448 1864 constantia

320 1906 441 1982 potest:
465 1925 562 1986 quam
587 1928 660 1968 cum
683 1906 803 1968 rationi
827 1909 1078 1970 consentaneum
1102 1907 1147 1969 sit
1170 1909 1365 1992 aprincipio
1383 1907 1448 1970 Her·
1494 1910 1499 1949 ²

321 2007 379 2070 eles
405 2008 516 2090 fuisse,
548 2010 661 2075 deinde
689 2013 832 2075 Hercules
859 2013 910 2075 vel
939 2013 1099 2092 Hercules,
1132 2037 1169 2078 ac
1200 2015 1340 2080 fortasse
1369 2015 1448 2079 tertio
1492 2010 1498 2045 ¹

322 2115 391 2179 loco
415 2137 526 2179 rursus
551 2117 695 2200 Hereles,
719 2123 827 2182 tamen
860 2121 929 2202 ipse
958 2142 1033 2184 usus
1061 2121 1123 2185 hoc
1146 2123 1254 2204 potius
1279 2124 1396 2204 voluit,
1423 2125 1449 2182 ut
1494 2108 1498 2129 '

321 2246 385 2287 una
407 2223 559 2287 Plautina
583 2229 688 2288 aetate
712 2225 860 2289 Hercules
884 2227 978 2289 simul
1002 2231 1034 2288 et
1056 2227 1204 2290 relictum
1227 2250 1265 2291 ex
1286 2229 1448 2312 antiquiore
1494 2292 1497 2303 ,

321 2354 466 2396 sermone
489 2331 586 2396 hercle
613 2333 784 2414 diceretur,
812 2355 870 2415 pro
899 2357 962 2417 quo
991 2340 1121 2416 postera
1149 2334 1276 2399 demum
1302 2342 1388 2401 aetas
1408 2357 1449 2399 ac·
1494 2320 1498 2393 ἶ

322 2438 558 2502 commodatam
587 2440 626 2502 ad
656 2440 757 2522 ipsius
785 2441 925 2504 nominis
954 2441 1094 2505 formam
1123 2443 1318 2525 particulam
1348 2442 1449 2507 lrernrle

322 2546 542 2610 substitueret.
597 2545 681 2610 Hinc
713 2551 799 2611 reete
836 2549 1014 2612 existimari
1051 2549 1089 2612 de
1126 2550 1190 2613 illis
1228 2553 1349 2633 poterit
1382 2573 1447 2636 qnae
1491 2633 1496 2643 Ι

322 2653 440 2717 dixisse
473 2655 595 2734 antiqui
622 2655 672 2717 rel
705 2654 879 2718 traduntur
907 2657 957 2720 vel
985 2657 1187 2738 reperiuntur
1214 2658 1383 2724 Alcimena
1401 2658 1448 2722 a·
1494 2718 1499 2726 .

292 2811 295 2818 .
321 2782 442 2825 arciaco
469 2762 646 2824 Tenc-ruessa
669 2760 839 2826 Patricoles
862 2761 1030 2825 droelmrun
1054 2761 1182 2825 leelina:
1213 2765 1330 2850 quibus
1353 2765 1447 2835 formis

322 2867 383 2932 etsi
407 2872 482 2931 sunt
506 2889 583 2930 sane
607 2868 802 2930 recentiores
826 2868 973 2931 Alcmena
997 2869 1142 2932 Alcmaeo
1167 2869 1333 2954 Teuma,
1355 2877 1446 2935 tamen

268 2985 302 3024 Χῖ
322 2974 452 3038 eaedem
476 2974 548 3037 illas
578 2973 676 3037 etiam
698 2978 951 3038 antecesserant:
984 2975 1067 3057 quod
1091 2997 1157 3040 non
1181 2980 1231 3038 est
1254 2976 1446 3042 dubitandum
1500 3053 1501 3056 Ἴ

321 3081 397 3164 quin
426 3080 614 3163 planissime
643 3085 830 3162 appareret,
859 3080 886 3143 si
916 3081 988 3162 plus
1008 3085 1291 3146 monumentorum
1315 3107 1352 3148 ex
1375 3088 1445 3147 retu·

321 3187 465 3250 stissima
497 3187 626 3269 linguae
659 3191 765 3250 aetate
797 3191 988 3268 superesset.
1041 3188 1154 3271 ltaque
1187 3191 1248 3253 etsi
1281 3195 1445 3255 contractas

321 3296 372 3358 vel
404 3299 440 3358 ut
467 3294 584 3358 rectius
613 3295 717 3357 dicam
746 3291 968 3377 primitivas*)
996 3294 1084 3374 infra
1115 3301 1202 3359 estro
1224 3317 1321 3378 supra
1343 3297 1446 3361 formas

322 3423 393 3464 eum
427 3401 563 3464 Plautus
601 3401 687 3465 solas
725 3401 815 3464 novit
849 3403 984 3483 ipsaque
1022 3405 1231 3465 monumenta
1267 3410 1304 3468 ut
1335 3403 1388 3468 Sc.
1413 3400 1445 3462 de

321 3507 539 3572 Baeanalibus
578 3530 649 3571 eum
687 3508 758 3590 lege
795 3507 923 3590 agraria
960 3512 1137 3591 testantur,
1173 3514 1243 3573 tum
1276 3509 1310 3572 in
1343 3506 1443 3571 eisdem

322 3614 432 3677 adulta
459 3615 572 3697 lingua
596 3613 770 3696 acquievit,
797 3617 905 3677 tamen
935 3615 1040 3677 medio
1064 3618 1210 3697 tempore
1235 3616 1368 3699 quodam
1393 3609 1444 3673 sal-

322 3727 387 3786 tem
412 3726 561 3804 coeptum
587 3742 655 3784 esse
680 3721 779 3784 etiam
806 3721 906 3799 infern
934 3727 1170 3802 eamusque
1193 3723 1265 3804 dici,
1289 3725 1324 3786 ut
1350 3715 1443 3804 paucis

409 3952 434 4018 *)
455 3949 559 4014 Quodsi
582 3949 631 4018 qni
653 3951 748 4002 tamen
771 3948 1001 4017 proficiscendum
1026 3949 1078 4002 sibi
1098 3967 1156 4004 essa
1174 3967 1192 4003 a
1210 3949 1299 4019 plenis
1318 3943 1399 4002 sormi!
1415 3943 1441 3991 ut

321 4039 412 4103 insero
430 4039 582 4107 putabunt:
603 4037 681 4090 cuius
701 4053 753 4106 ego
773 4037 877 4090 exordii
896 4039 1090 4091 necessitatem
1110 4056 1165 4091 non
1184 4037 1265 4092 video
1283 4038 1328 4106 qui
1345 4035 1439 4086 demon·

321 4127 435 4179 straturi
460 4127 529 4180 sint:
555 4125 660 4179 laniant
682 4126 711 4178 id
738 4126 851 4193 quidem
875 4127 1013 4180 arbitratu
1032 4146 1096 4195 suo,
1121 4128 1170 4181 scd
1189 4128 1242 4180 hac
1261 4124 1338 4179 simul
1356 4121 1438 4174 libera-

321 4215 415 4281 litate,
441 4218 471 4268 ut
493 4216 536 4268 bis
560 4215 634 4269 tacto
659 4215 756 4268 eodem
783 4217 901 4270 transitu
925 4215 1051 4284 linguam
1071 4216 1226 4270 concedant
1244 4203 1438 4283 quadruplici

321 4302 493 4356 successione
521 4304 556 4357 ab
582 4305 686 4370 insero
712 4322 886 4372 progressam
915 4305 950 4358 ad
979 4307 1078 4372 laissa,
1106 4305 1141 4358 ab
1165 4306 1251 4370 infra
1270 4315 1389 4357 reversam
1408 4291 1437 4344 ΕΛ

321 4393 445 4459 inserer,
473 4392 509 4444 ab
536 4394 640 4457 infero
667 4395 758 4448 denuo
777 4395 812 4448 ad
832 4395 909 4459 iufra
931 4395 1141 4460 transgressam.
1180 4393 1227 4464 [Ct
1257 4392 1356 4446 Priame
1373 4381 1436 4436 latin,

321 4480 407 4550 epigr.
428 4482 562 4550 supplem
585 4483 607 4533 ll
628 4482 711 4548 (infra
729 4503 755 4539 n.
777 4484 875 4550 XVlll,
895 4488 921 4549 ⁶2)
941 4502 967 4550 p.
990 4484 1034 4536 lX.
1074 4485 1101 4536 c,
1123 4482 1178 4549 Ν]
