3008 5118
564 1271 636 1354 Xl.

255 1447 387 1530 Possis
416 1445 627 1530 Saturniae
655 1445 956 1548 spicilegium)

551 1665 655 1673 ...n-n...-

118 1821 178 1888 Per
201 1823 482 1908 opportunitatem
510 1823 641 1888 tabulae
664 1823 897 1906 Mummianae,
925 1841 1021 1907 quam
1050 1819 1203 1886 schola-s

42 1951 101 1992 rum
122 1929 286 1994 indicibus
310 1929 443 1994 aestatis
467 1951 495 1994 a.
518 1945 725 1994 clolocccnn
750 1927 1040 2012 pmemittebamns
1064 1929 1177 2012 [supra

42 2056 66 2098 n.
85 2033 128 2100 IV
155 2059 185 2120 p.
209 2036 269 2116 83]
276 2085 285 2120 ,
321 2035 464 2100 breviter
496 2057 577 2121 quae
610 2035 699 2120 leges
736 2039 847 2100 essent
881 2057 992 2100 versus
1029 2033 1176 2104 Saturnii

42 2141 297 2226 significabamus
316 2143 425 2226 potius
445 2165 541 2228 qnam
560 2141 872 2206 demonstrabamus.
899 2139 928 2206 E
949 2163 1012 2227 quo
1030 2145 1177 2226 tempore

43 2249 93 2312 etsi
113 2249 302 2334 probandae
326 2249 505 2316 sententiae
527 2247 672 2315 nondum
695 2269 806 2314 snmus
825 2247 927 2314 otium
945 2248 1044 2330 nocti,
1066 2253 1177 2312 tamen

43 2377 74 2418 ne
95 2356 271 2423 mutandae
294 2356 422 2442 quidem
451 2378 600 2422 caussam
627 2355 728 2420 ullam
751 2353 948 2440 invenimus,
980 2353 1037 2420 scd
1065 2355 1177 2420 confir·

43 2464 166 2529 mandas
189 2467 323 2530 tantum
347 2467 538 2549 argumenta
561 2463 644 2527 bene
662 2462 774 2526 multa.
808 2461 921 2548 Itsqne
946 2483 1017 2526 cum
1041 2459 1082 2526 ad
1105 2481 1177 2524 nor·

44 2591 117 2635 mem
139 2572 207 2637 illic
230 2571 435 2656 propositam
459 2569 566 2655 ipsum
585 2567 622 2634 1..
636 2567 785 2634 Mummii
804 2569 936 2634 titulum
960 2567 1070 2654 (quem
1091 2567 1179 2632 intra

45 2697 132 2742 annos
155 2679 197 2744 ab
221 2701 254 2744 n.
273 2701 299 2744 c.
318 2677 383 2743 608
403 2683 436 2742 et
454 2677 520 2743 620
543 2677 698 2762 scriptum
723 2697 792 2742 esse
811 2675 915 2740 Musei
932 2675 1039 2740 nostri
1056 2675 1117 2740 vol.
1131 2673 1179 2738 IX

44 2805 68 2866 p.
84 2783 102 2848 3
120 2807 164 2869 sq.
188 2787 306 2869 [supra
329 2805 358 2868 p.
378 2783 456 2866 216]
482 2781 665 2870 docuimus)
688 2783 779 2848 nullo
801 2783 914 2848 labore
936 2803 1178 2848 revocassemns

46 2889 116 2968 [ride
139 2914 240 2977 snpra
266 2915 299 2978 p.
318 2892 389 2976 84],
415 2890 501 2956 band
528 2891 631 2956 multo
659 2891 781 2956 maiore
803 2889 937 2974 negotio
960 2889 1071 2975 paullo
1094 2893 1180 2976 post,

46 3016 104 3062 cum
129 2997 379 3084 inscriptionem
411 2998 580 3064 columnae
612 3001 772 3064 rostratae
801 2995 984 3062 academico
1011 3015 1178 3082 program-

45 3109 119 3170 mate
150 3106 229 3172 anni
258 3103 402 3170 eiusdem
432 3103 607 3170 edebamus
637 3107 750 3190 [supra
777 3127 808 3168 n.
826 3101 888 3186 vl,
915 3103 961 3186 l],
993 3101 1073 3168 dnos
1101 3103 1178 3168 titu-

46 3209 86 3274 los
106 3213 177 3280 illos
206 3213 288 3278 duce
316 3233 354 3276 ex
383 3213 476 3296 parte
499 3209 682 3276 Godofredo
711 3209 900 3276 Hermanno
931 3209 1179 3294 expediebamns

46 3337 70 3398 p.
86 3318 125 3383 20
148 3321 263 3404 [supra
286 3340 316 3403 p.
335 3317 415 3399 200]
435 3340 504 3403 sqq.
510 3367 520 3400 ,
544 3339 624 3402 quos
649 3317 742 3382 annis
766 3317 832 3382 575
851 3321 885 3382 et
903 3317 969 3382 580
987 3338 1004 3380 a
1022 3313 1180 3381 1111οωί-

47 3421 82 3488 lio
102 3423 228 3510 Regillo
252 3422 318 3509 (vel
341 3423 450 3510 potius
469 3423 547 3489 ald.
561 3421 702 3490 Aemilio
716 3421 854 3510 Lepido)
878 3426 912 3488 et
926 3423 975 3490 Ti.
989 3421 1179 3508 Sempronio

48 3525 178 3598 Graccho
207 3535 285 3616 post
312 3529 464 3596 victoriae
493 3529 719 3616 Myonnesiam
747 3537 780 3596 et
808 3529 1048 3597 Sardiniensem
1075 3529 1180 3596 factos

123 3799 149 3865 ⁸)
170 3795 366 3868 [Programme
389 3793 580 3851 academicum
599 3795 743 3851 Ronnensc
763 3812 788 3852 a.
806 3799 875 3850 1851
899 3793 1054 3849 ‘Natalicius
1073 3795 1181 3864 Angus-

49 3881 229 3957 tbsimiasgis
239 3883 517 3941 Fridsricillnilelmi
533 3885 583 3940 llll
598 3885 643 3940 die
658 3883 707 3939 nv
718 3902 754 3940 m.
764 3883 894 3940 Octobris
908 3901 933 3938 a.
945 3881 1181 3938 clolocoonlul

51 3973 254 4030 concelebranda
271 3973 373 4028 indicit
390 3973 419 4028 F.
440 3973 485 4028 Β)
506 3973 685 4044 singularIter
703 3973 743 4029 sic
761 3973 940 4044 inscriptum:
962 3973 1068 4029 ‘Poenis
1088 3973 1180 4027 Satar-

51 4057 103 4114 uiae
118 4063 291 4136 spicilegium
310 4063 322 4116 l
341 4061 409 4118 iecit
427 4063 456 4118 F.
477 4062 521 4116 a?
561 4059 623 4128 Qua
640 4061 820 4132 inscriptione
839 4065 952 4118 servata
971 4063 1077 4134 prodiit
1095 4061 1180 4117 etiam

52 4150 114 4216 apud
131 4152 312 4224 bibliopolam
336 4151 544 4206 Berolinsnsem
562 4151 594 4206 G.
610 4149 778 4206 Trautwein.
800 4179 831 4190 -
852 4150 981 4206 Cetemm
1000 4151 1053 4206 boo
1072 4149 1181 4222 spicile-

52 4237 118 4303 gium
135 4241 146 4294 l
163 4243 265 4297 mansit
282 4241 405 4310 unicum,
427 4239 470 4296 its
492 4242 524 4295 nt
542 4257 605 4310 spes
623 4239 706 4310 plane
725 4237 858 4294 fefellerit
875 4237 1061 4294 Bitschelium
1079 4239 1109 4294 in
1128 4241 1181 4294 fine

53 4331 249 4397 programmatis
277 4330 432 4386 academici
457 4329 527 4384 baec
550 4328 732 4383 scribentem:
763 4328 924 4382 ‘lncohatae
948 4327 1044 4384 cuius
1068 4329 1180 4384 absol·

55 4417 164 4473 rendae
190 4438 252 4476 non
280 4419 394 4476 deerit
424 4417 671 4490 opportunitas
700 4416 897 4488 disputationis
923 4417 1081 4489 prolusione
1110 4461 1116 4473 .
1141 4461 1147 4473 .
1175 4461 1181 4472 .

55 4502 181 4576 timonem
198 4509 273 4566 riam
291 4508 461 4566 munivimus
480 4507 517 4562 ad
536 4505 672 4578 gravioris
691 4505 812 4562 muneris
831 4505 974 4565 officinm!
1013 4507 1042 4562 C.
1058 4506 1114 4578 W.]
