3108 5142
377 437 603 486 seminecum
628 435 901 484 nruocseruevlr.
1200 416 1220 479 3

90 584 183 642 tamen
201 577 295 642 huius
309 581 543 664 praestantiam
564 583 659 664 longe
677 581 836 666 longeque
855 577 953 644 etiam
973 581 1113 662 superat.
1140 576 1220 640 llius

88 691 180 748 autem
208 707 265 750 nec
293 687 538 770 amplitudinem
567 687 663 752 huius
693 687 850 772 prooemii
879 687 959 750 lines
989 685 1136 768 capiunt,
1160 705 1219 748 nee

88 793 329 876 explanationem
362 795 443 860 satis
471 795 619 880 expedire
648 819 744 880 posse
773 793 973 878 plrilologica
1003 815 1055 857 ars
1085 791 1219 856 videtur.

88 897 275 984 Quapropter
298 901 509 966 eruditissimi
532 901 685 988 collegae,
710 902 769 967 lcti
788 899 999 984 celeberrimi,
1025 898 1111 964 curis
1131 921 1218 964 com·

88 1001 265 1088 medatem,
288 1029 419 1091 sperare
443 1007 518 1073 licet
541 1009 609 1072 t'ore
634 1013 670 1072 ut
693 1007 783 1072 brevi
806 1027 1030 1090 recuperemus
1056 1006 1218 1092 sagaciter

87 1111 252 1194 suppletam
286 1117 319 1176 et
355 1113 535 1179 luculenter
570 1111 815 1198 illustratam.*)
865 1113 1075 1198 Reliquorum
1109 1119 1217 1178 autem

87 1218 210 1283 maxima
238 1240 327 1304 pars,
356 1225 393 1284 ut
415 1220 481 1285 fere
504 1221 555 1304 tit,
584 1220 625 1286 ad
653 1219 832 1305 sepulcrale
860 1216 962 1306 genus
991 1221 1147 1306 pertinet:
1178 1219 1218 1284 ad

87 1345 128 1390 res
152 1347 257 1392 sacras
285 1327 472 1412 publicasse
507 1350 642 1392 numero
670 1328 839 1415 ppueiores
868 1333 1025 1413 spectant.
1071 1327 1124 1392 Ab
1154 1328 1217 1392 illis

86 1431 179 1517 igitur,
197 1455 311 1518 parum
331 1456 483 1518 sequaces
503 1433 647 1500 Solensis
666 1441 791 1520 poetae,
810 1434 991 1500 ordiamur:
1011 1435 1050 1500 ad
1067 1437 1218 1520 graviora

87 1543 112 1602 et
131 1541 321 1626 gravissima
344 1524 589 1628 progrediamur
612 1543 772 1627 deinceps.

158 1647 229 1713 Etsi
253 1652 362 1714 autem
387 1649 426 1714 de
449 1651 600 1716 universa
618 1650 737 1716 codicis
757 1651 943 1716 condicione
962 1650 1215 1735 disputationem

85 1755 308 1842 ampliavimns,
336 1761 447 1823 tamen
475 1757 587 1842 paucis
618 1756 788 1822 dicendum
811 1757 850 1822 de
874 1759 941 1823 eius
964 1757 1026 1822 lide
1051 1757 1216 1823 sentimus.

86 1861 175 1936 Quam
198 1863 327 1948 quidem
352 1885 463 1930 earum
488 1865 736 1950 inscriptionum
760 1865 960 1950 comparatio
980 1885 1112 1950 prorsus
1131 1885 1216 1928 eom·

88 1968 218 2054 mendat,
245 1993 327 2054 quae
352 1971 426 2036 aliis
454 1993 493 2035 ex
521 1971 667 2036 fontibus
695 1969 785 2054 (nam
809 1969 956 2038 Romano
985 1970 1093 2036 codiee
1120 1991 1215 2034 nemo

88 2074 165 2160 usus)
187 2077 219 2142 in
242 2076 381 2162 Gruteri‚
404 2077 558 2156 Reinesii,
581 2075 736 2162 Fabretti,
760 2077 866 2162 Donii,
889 2076 1070 2154 Muratorii,
1094 2076 1215 2144 Donati

89 2181 216 2267 syllegae
240 2188 421 2250 manarunt.
458 2183 559 2248 Velut
581 2207 677 2270 quam
702 2209 721 2250 a
745 2183 852 2250 Donio
871 2183 945 2268 ΧΠ,
968 2185 1010 2250 66
1035 2183 1083 2250 ‘ea
1104 2183 1220 2250 selsalis

85 2287 259 2355 bibliothecae
278 2289 457 2356 Vatzcoooe’
476 2291 614 2376 petitam
634 2293 836 2358 meminimus
856 2292 1044 2376 (carendum
1063 2296 1112 2356 est
1132 2291 1219 2355 enim

86 2393 178 2460 inhia
204 2397 301 2462 terris
325 2395 422 2463 Donii
453 2403 486 2462 et
513 2397 636 2464 Donati
666 2395 786 2484 libris),
815 2421 886 2464 eam
910 2399 1076 2464 Romanae
1107 2401 1219 2464 auctor

85 2501 269 2570 collectionis
293 2503 348 2569 fol.
371 2505 462 2570 2642
486 2504 532 2570 ‘in
549 2507 638 2570 donn
656 2505 831 2570 Aloanda·
856 2505 1012 2572 Poniraac
1029 2507 1065 2571 de
1083 2505 1217 2590 Regiooe

86 2605 172 2673 Trivii
197 2611 231 2674 io
257 2611 325 2676 eiras
351 2609 474 2676 Hertis'
498 2611 567 2696 ipse
591 2611 716 2676 viderat
744 2611 1031 2696 descripseratque.
1063 2613 1097 2678 E
1119 2613 1215 2678 Gilia·

85 2714 142 2778 dini
157 2737 209 2782 ms.
227 2719 326 2782 codice
344 2717 501 2782 Gruterus
520 2719 595 2801 249,
619 2719 637 2782 7
659 2723 851 2802 sumpserat,
875 2741 957 2803 quae
982 2719 1015 2784 in
1035 2719 1126 2784 Rom.
1146 2719 1214 2784 eod
1263 2704 1267 2712 ¹

87 2819 201 2888 [2761)
222 2825 258 2890 in
276 2829 338 2889 otto
356 2844 373 2890 ο
391 2825 469 2890 de‘cci
481 2825 567 2906 perri
584 2825 723 2906 dispersa
736 2845 795 2906 per
813 2825 845 2888 la
864 2825 964 2890 cleicso
983 2825 1032 2906 (di
1049 2825 1081 2890 S.
1101 2825 1215 2908 Paolo)

85 2925 194 2996 dieitur.
238 2931 395 2996 Notabile
425 2935 475 2996 est
503 2931 589 3016 quod
612 2931 647 2995 in
674 2930 758 2996 hanc
787 2953 856 2997 rem
885 2931 905 2996 f.
933 2931 1024 2996 278³
1052 2938 1215 2998 monetur:

84 3041 227 3122 utrumqne
248 3041 480 3123 incoeptionem
502 3041 546 3104 ud
561 3038 754 3124 quiapropter
771 3041 926 3122 qewvulom
944 3039 1098 3122 descripsi,
1116 3039 1214 3104 hacd-

84 3161 133 3208 nus
151 3167 216 3212 vero
237 3169 301 3212 non
323 3149 462 3212 mouerit.
501 3146 633 3212 Testem
656 3147 821 3212 oculatum
840 3151 908 3212 tum
929 3147 1105 3212 similitudo
1124 3169 1214 3213 mou·

84 3257 154 3318 strat
171 3259 238 3318 tum
257 3255 328 3339 ipsa
346 3253 575 3319 dissimilitudo
595 3253 767 3320 locorum
786 3253 1027 3340 descriptionis:
1046 3259 1214 3340 praeterea

86 3359 242 3426 eorundem
266 3365 548 3427 monumentorum
572 3361 638 3426 alia
657 3361 728 3426 aliis
747 3361 948 3444 temporibus
967 3360 1125 3426 condicio:
1149 3383 1213 3446 quo

86 3465 195 3531 aceedit
216 3467 303 3532 haud
327 3469 507 3554 spernenda
526 3469 559 3534 in
577 3468 770 3552 quibusdam
790 3467 970 3552 scripturae
989 3467 1213 3552 discrepantia

86 3571 262 3640 llruteriana
285 3575 339 3658 28,
361 3575 382 3640 6
401 3575 549 3660 prodisse
573 3595 610 3640 cx
632 3573 757 3640 colom
775 3573 944 3640 Colelionis
961 3575 1005 3640 nd
1020 3595 1135 3658 oqsram
1154 3577 1214 3640 eir·

83 3677 155 3752 pao
175 3680 302 3766 dicitor3
326 3679 416 3746 addit
435 3681 527 3746 Rom.
546 3681 615 3748 cod.
630 3680 652 3745 f.
673 3683 776 3748 aava:
799 3684 887 3746 iusta
905 3685 992 3747 aedos
1011 3682 1214 3762 Baffaloram

85 3789 111 3844 et
131 3783 221 3852 lecim
248 3810 319 3854 esse
342 3793 487 3854 tenetote
513 3795 703 3874 compatrem,
728 3789 916 3872 sementibus
938 3789 1065 3854 litteris:
1094 3789 1213 3874 quippe

86 3901 265 3962 evanuerant
300 3895 427 3982 reliqua
462 3901 592 3980 praeter
629 3918 683 3960 sex
717 3919 827 3961 versus
860 3900 1041 3980 extremos,
1077 3919 1213 3982 quorum

87 3997 212 4066 solorum
235 4003 417 4088 exemplum
440 4003 473 4068 in
496 4002 604 4069 codiee
626 4003 843 4087 perscriptum
864 4007 921 4068 est.
956 3999 1113 4068 Similiter
1133 4003 1215 4069 siru-

87 4105 213 4175 terianae
240 4112 320 4197 623,
355 4111 372 4176 1
402 4111 500 4176 codex
533 4111 554 4176 l.
583 4113 676 4176 2676
709 4115 862 4198 quattuor
895 4115 1023 4178 tantum
1054 4117 1212 4177 extremos

148 4351 171 4422 ‘l
185 4355 369 4429 [Significavit
382 4356 552 4416 Ritscheline
566 4359 609 4416 his
619 4357 711 4416 verbis
727 4357 887 4432 Philippum
902 4357 1062 4414 Eduardum
1074 4355 1212 4428 Huschke,

91 4439 129 4504 ‘lui
150 4445 239 4502 codem
262 4467 336 4505 anno
356 4449 400 4504 Ὗ.
425 4449 516 4504 Flavii
536 4449 688 4520 syntrophi
712 4449 928 4505 instrumentum
948 4449 1106 4504 donationis
1125 4448 1211 4502 inedi-

90 4529 149 4584 lam’
168 4538 254 4592 emisit
271 4538 479 4612 (vendemiae,
498 4539 568 4594 Ilirt
588 4541 624 4608 4).
661 4539 690 4594 C.
711 4539 768 4610 W.]

966 4627 999 4684 ¹*
