3008 5118
299 276 365 339 304
579 293 696 341 Pousis
721 294 918 341 servarum
943 291 1178 342 snrcmnomu.

299 436 445 519 potentia
469 436 645 520 humilique
670 437 857 501 mortalium
882 437 1069 502 condicione
1089 435 1280 500 sententiam
1301 436 1411 499 credide-

299 543 353 624 rit,
376 542 465 606 nullo
490 543 601 607 labore
627 541 795 608 Saturnios
819 543 876 607 illo
900 544 970 627 ipso
995 543 1074 606 duce
1097 541 1157 606 hos
1182 542 1360 606 constituat:

440 691 460 716 υ
478 685 494 717 —'
513 691 531 716 υ
549 685 565 716 -‘
585 691 603 717 υ
621 686 637 716 -‘
655 691 675 716 υ
719 686 736 716 2
755 668 823 731 ille
847 666 1066 751 inperator:

443 773 497 838 Tu
520 772 585 838 illi
606 772 842 857 ceterislque
865 813 886 818 -
911 774 985 855 dis]
1010 773 1296 839 medicatrinus.

299 897 381 961 Mihi
406 898 510 963 fateor
533 900 630 983 longe
655 904 686 963 et
710 899 941 984 simpliciorem
965 903 998 963 et
1020 900 1203 964 tenuiorem
1223 899 1347 964 Catonis
1367 921 1417 961 ser·
1464 960 1465 967 ,

299 1004 438 1069 tentiam
462 1005 576 1088 videri,
606 1027 673 1070 non
696 1029 713 1070 e
737 1028 866 1071 recessu
895 1007 1005 1090 aliquo
1035 1005 1263 1090 philosophiae
1289 1007 1420 1075 haustam,
1464 1044 1468 1061 «

301 1111 354 1174 sed
371 1111 410 1174 ad
426 1110 512 1175 vitae
527 1111 674 1194 privatae
688 1113 833 1178 rationes
848 1091 1122 1194 necessitatesque
1143 1116 1346 1195 spectantem.
1365 1112 1418 1175 Dis·
1465 1178 1466 1188 ¹

301 1218 458 1282 suadebat
486 1219 570 1281 enim
598 1219 669 1302 ille,
703 1220 730 1283 si
754 1219 831 1303 quid
854 1219 961 1301 video,
990 1218 1126 1282 nimiam
1155 1219 1188 1282 in
1213 1241 1320 1283 servos
1341 1218 1420 1281 indul·
1460 1196 1467 1323 l

304 1324 448 1407 gentiam
473 1326 522 1389 vel
547 1347 620 1389 cum
645 1325 747 1390 servis
770 1326 1029 1390 familiaritatem
1053 1325 1105 1389 vel
1130 1324 1253 1408 aliquid
1277 1326 1380 1406 simile,
1399 1336 1421 1386 ut
1461 1390 1464 1399 ,

302 1454 364 1515 quo
397 1431 492 1496 facile
525 1432 668 1497 eveniret
700 1436 737 1496 ut
769 1432 927 1498 obnoxius
965 1455 1058 1497 servo
1096 1432 1246 1496 dominus
1284 1432 1421 1496 oboediret

301 1539 409 1622 potius
434 1561 531 1622 quam
556 1540 794 1622 obtemperanti
819 1540 1003 1623 imperaret.
1036 1537 1082 1602 Vt
1102 1539 1187 1602 enim
1207 1539 1335 1618 iimperat
1354 1538 1422 1601 fani·
1463 1510 1464 1546 i

301 1646 364 1709 liae
388 1645 537 1711 dominus
565 1647 697 1730 proprio
728 1646 875 1711 vocabuli
904 1669 978 1728 usa,
1007 1648 1040 1709 et
1069 1644 1190 1708 domini
1214 1645 1369 1726 imper-iam
1390 1656 1424 1706 est

301 1753 335 1816 in
359 1775 483 1834 servos,
499 1752 563 1820 .ita
586 1752 670 1815 idem
699 1754 867 1835 imperator
895 1752 998 1816 dictus
1029 1756 1079 1816 est
1106 1752 1175 1815 sine
1206 1750 1275 1814 ulla
1302 1751 1424 1834 publicae

301 1858 471 1943 dignitatis
495 1858 703 1941 cogitatione.
740 1858 840 1923 Velut
864 1880 935 1922 cum
959 1858 1043 1941 apud
1072 1857 1224 1921 Plautum
1249 1855 1425 1922 Curculionis
1459 1865 1464 1898 ¹

302 1965 326 2048 l,
345 1966 375 2048 2,
395 1966 437 2029 20
460 1965 511 2028 his
535 1963 641 2027 verbis
666 1967 745 2047 redi,
768 1967 880 2046 respice
902 1966 945 2028 ad
965 1986 1012 2026 mc
1034 1965 1224 2028 inclamanti
1250 1962 1425 2028 Phaedromo

302 2094 382 2135 anus
407 2070 580 2155 respondet
602 2072 770 2152 imperator
791 2072 860 2154 qais
883 2072 949 2134 cst?
992 2070 1056 2135 Vel
1080 2092 1153 2134 cum
1176 2070 1210 2133 in
1233 2068 1425 2135 Menaechmis

302 2200 330 2242 v.
350 2179 416 2241 444
438 2177 518 2242 hacc
543 2180 618 2241 sunt
632 2175 846 2241 Messenionis
870 2178 981 2241 verba:
1006 2176 1068 2240 Sed
1085 2197 1136 2268 epo
1156 2177 1286 2241 inscitus
1308 2181 1426 2258 1111111
1459 2207 1464 2240 ι

301 2306 351 2350 ero
376 2306 424 2348 me
445 2286 597 2366 postulem
624 2285 829 2348 moderarier:
861 2283 954 2348 Dicto
981 2305 1029 2348 mc
1055 2285 1129 2347 coiit
1151 2285 1340 2361 audientem,
1365 2284 1426 2348 lara
1458 2338 1462 2346 .

300 2393 514 2473 imperatorem
545 2391 612 2456 sibi.
662 2389 724 2454 Vel
754 2389 895 2473 Tyndari
923 2391 957 2454 iu
984 2389 1129 2474 Captivis
1158 2388 1331 2473 11,2‚57
1357 2392 1426 2455 haee:
1462 2397 1464 2454 ]

303 2499 364 2578 Qai
391 2501 542 2580 imperare
569 2498 741 2579 insererem,
773 2519 857 2561 arene
888 2498 1016 2562 alterius
1048 2498 1177 2580 imper-io
1210 2499 1361 2579 obsequor.
1396 2497 1427 2560 El
1458 2476 1463 2509 ⁵

300 2607 421 2686 quidem
445 2606 474 2670 si
491 2604 623 2684 proinde
650 2608 685 2666 ret
707 2604 770 2684 ipse
790 2604 841 2683 fui
864 2605 1029 2685 inperator
1050 2604 1206 2683 faeniliae,
1235 2605 1373 2670 Habeam
1392 2605 1425 2666 ‹t›
1458 2578 1463 2607 Ι

301 2713 434 2794 otiliam,
457 2731 520 2774 aaa
542 2730 651 2773 recreor
673 2731 712 2772 rrc
734 2709 847 2773 iniuste
868 2715 924 2772 arat
947 2710 1088 2791 praeitor
1115 2710 1160 2773 mi
1187 2711 1325 2792 imperet.
1366 2711 1425 2776 lline
1459 2776 1464 2790 ,ἵ

301 2818 400 2902 igitur
425 2838 624 2899 consequens
644 2839 714 2881 esse
735 2817 893 2894 volumus,
919 2823 954 2879 ut
972 2817 1007 2881 in
1027 2816 1110 2880 hanc
1129 2816 1195 2881 fere
1215 2820 1354 2902 speciem
1369 2817 1425 2882 (m
1461 2810 1464 2827 '

302 2925 368 2989 filio
392 2924 595 3008 praeceperit
618 2920 693 3008 (Vlz
1459 2936 1464 3005 2

347 3048 419 3112 Ille
443 3046 660 3131 inperator,
685 3052 726 3111 ta
751 3046 813 3110 illi
837 3085 858 3092 -
883 3049 987 3112 certe
1011 3048 1088 3112 eris
1113 3048 1391 3116 me‘diastrinus.
1459 3036 1465 3057 ¹

863 3244 893 3308 8.

263 3379 287 3414 11
393 3349 467 3414 Non
492 3351 596 3435 magis
619 3348 789 3414 Saturnius
813 3373 966 3414 numerus
990 3351 1072 3415 latet
1095 3352 1129 3416 in
1152 3352 1218 3416 illis
1244 3354 1331 3438 apud
1349 3349 1422 3417 ase
1459 3310 1469 3378 l

302 3480 414 3522 neeam
438 3458 542 3541 Epist.
566 3457 676 3540 ΧΗ
700 3456 813 3543 (vulgo
837 3455 896 3544 94)
921 3461 940 3538 ξ
965 3457 1007 3522 28
1031 3461 1229 3544 praeceptis:

346 3600 461 3664 Emis
484 3603 559 3664 non
583 3599 682 3683 quod
706 3603 799 3684 opus
824 3604 895 3684 est,
917 3639 938 3646 —
964 3601 1027 3664 sed
1052 3601 1149 3686 quod
1172 3605 1333 3668 necesse
1353 3610 1403 3666 cst:

348 3707 453 3784 Quod
476 3709 551 3771 non
576 3709 668 3789 opus
693 3713 764 3792 est,
789 3709 874 3772 risse
898 3745 920 3753 -
943 3711 1071 3773 carum
1095 3713 1154 3773 est
1181 3725 1199 3757 Δ
1216 3731 1236 3758 v
1253 3728 1271 3759 Δ
1289 3733 1309 3759 ν

303 3851 504 3933 Quamquam
523 3835 601 3913 'cum
625 3851 727 3934 ipsius
752 3852 816 3915 vim
841 3853 1020 3916 sententiae
1040 3843 1275 3934 expendentem
1295 3873 1354 3915 non
1371 3867 1419 3930 1³05*

303 3962 352 4021 set
375 3957 486 4039 fugere
511 3956 634 4041 aliquid
655 3981 674 4020 a
693 3956 814 4022 Seneca
833 3959 1098 4042 praetermissum
1117 3980 1197 4041 esse,
1222 3979 1285 4040 quo
1305 3975 1416 4020 necesse

302 4063 423 4126 riarum
446 4086 555 4128 rerum
584 4065 706 4147 emptio
736 4066 937 4148 probaretur,
968 4065 1079 4128 eadem
1107 4063 1348 4129 ratiocinatione
1373 4079 1416 4141 qut

304 4174 418 4252 postea
450 4171 587 4234 vidimus
618 4169 817 4237 Boeclrhium
848 4194 956 4253 usum,
992 4171 1031 4235 ad
1060 4171 1194 4236 duorum
1226 4168 1415 4234 Saturniomm

304 4299 476 4360 eorumque
506 4278 671 4361 aliquanto
703 4277 921 4341 venustiorum
950 4277 1033 4341 hanc
1061 4277 1323 4341 instaurationem
1347 4272 1414 4334 dure

304 4385 418 4449 bamur
441 4385 537 4468 louge
562 4388 594 4448 et
618 4385 892 4467 simplicissimam
916 4389 949 4447 et
973 4382 1198 4466 planissimam
1222 4381 1306 4466 (IV):
