2984 5122
434 359 717 410 svnnnnuansvsr
740 361 760 408 1.
1105 343 1169 407 497

61 501 193 568 Cannensi
214 501 288 566 anni
307 501 372 568 538
397 501 538 568 occisum
561 505 682 584 namet,
705 501 829 585 aliquot
853 499 948 565 annis
972 505 1047 565 ante
1070 500 1171 564 fuisse

60 609 194 674 consulem
210 609 333 694 prodar,
351 612 403 674 sat
421 613 510 675 certo
528 607 730 674 intellectum
749 613 800 673 est
818 607 982 672 consulem
1001 607 1078 674 anni
1097 605 1173 688 533,

59 737 132 798 quem
153 717 241 782 ceteri
268 720 372 782 testes
395 714 439 782 M.
462 715 639 780 Minucium
663 714 784 779 Rufum
813 717 994 778 memorant
1016 712 1171 797 simplici·

58 825 102 903 ter,
120 821 150 886 in
169 821 266 888 laetos
291 822 337 888 sic
362 843 432 887 esse
455 821 658 888 referendum
682 825 718 886 ut
740 820 775 885 P.
794 819 936 886 Cornelii
961 817 1018 886 On.
1036 820 1058 884 f.
1082 817 1118 884 L.
1141 841 1172 884 n.

57 925 188 1012 Scipionis
202 929 323 994 Asinae
346 929 484 1014 conlega
506 927 541 992 M
551 963 557 976 ·
567 925 782 994 Mleelvs
793 963 799 975 ·
810 926 836 991 L
848 925 903 990 -F-
914 922 939 991 O
952 961 958 974 ·
969 917 1000 990 N
1011 961 1017 976 ·
1029 922 1172 990 RVFVS

55 1034 256 1116 perscribatur:
284 1034 318 1100 id
347 1034 433 1120 qnod
457 1059 476 1100 a
498 1035 631 1101 Baitero
649 1035 777 1100 factum
802 1038 852 1100 est
874 1033 1068 1112 rectissime,
1098 1053 1172 1095 cum

55 1140 120 1204 nica
142 1141 270 1208 libidine
292 1141 500 1227 Laurentius,
532 1165 647 1228 parum
675 1143 815 1228 diligens
837 1141 949 1220 bomo,
975 1137 1172 1217 Pae-N

53 1245 198 1330 posuisset

123 1351 322 1439 Consequens
346 1358 397 1420 eat
419 1354 519 1440 igitur
541 1359 579 1420 ut
601 1355 684 1420 alius
708 1357 883 1440 quaeretur
901 1353 1095 1420 dictaturam
1119 1375 1171 1440 ge·

52 1482 109 1526 rens
125 1461 164 1528 M.
181 1462 350 1528 Minucius.
383 1461 486 1540 Quem
510 1463 573 1528 etsi
596 1467 848 1528 consentancum
871 1465 921 1526 est
943 1461 978 1526 in
996 1461 1172 1527 consulari-

52 1567 98 1632 bus
118 1569 316 1655 potissimum
344 1569 470 1654 quaeri,
497 1573 609 1636 tamen
637 1570 785 1636 consules
813 1567 987 1652 Minucios,
1015 1569 1041 1632 si
1066 1590 1085 1632 a
1108 1590 1173 1632 ma-

51 1673 135 1755 gistro
152 1676 294 1762 equiturn
312 1675 371 1742 illo
390 1676 586 1760 discesseris,
609 1677 774 1742 saeculum
793 1680 921 1740 sextum
938 1677 1047 1739 totum
1064 1674 1172 1739 nullos

50 1781 160 1846 omnino
186 1783 267 1848 vidit
294 1787 423 1867 praeter
450 1780 607 1859 Quintum
636 1781 671 1850 Ο.
694 1783 716 1848 ί.
740 1781 774 1848 Ο.
797 1805 828 1848 n.
856 1781 976 1847 Rufum
1006 1781 1082 1846 anni
1106 1780 1170 1845 557

49 1889 74 1948 ct
96 1885 240 1962 Quintum
269 1887 306 1964 Q.
329 1887 351 1953 f.
374 1886 408 1952 L
431 1911 461 1954 n.
485 1887 661 1954 Thermum
690 1888 767 1952 anni
790 1887 868 1952 561:
906 1885 1065 1971 (Marcum
1096 1907 1172 1952 sane

49 1989 149 2058 Rufum
169 1995 353 2079 proximum
377 1993 542 2060 saeculum
560 1993 676 2060 babuit
695 2016 780 2060 anno
799 1995 874 2078 644,
897 1993 953 2058 sed
972 2016 1044 2060 eum
1059 1993 1172 2070 Quinti

47 2098 140 2178 lilium,
161 2123 225 2166 non
248 2099 350 2188 Gaiit)
382 2099 443 2166 bos
467 2105 576 2166 autern
600 2123 712 2167 omnes
737 2123 849 2167 eornm
879 2104 1077 2185 temporum,
1105 2099 1172 2185 qui·

47 2203 95 2268 bus
114 2227 161 2278 ne,
174 2207 315 2274 durabat
338 2207 467 2292 quidem
490 2209 670 2275 dictaturae
694 2231 780 2274 usus.
812 2207 902 2294 Ergo
922 2207 1065 2272 dubitari
1083 2229 1174 2292 pror·

46 2331 90 2374 sus
109 2335 170 2378 non
192 2317 303 2399 potest
326 2315 405 2399 quin
426 2337 502 2381 non
531 2316 775 2381 consularem
798 2314 882 2398 lapis
907 2313 1073 2378 Romanus
1098 2313 1172 2377 offe·

44 2421 94 2500 rat
114 2421 320 2504 quantumvis
344 2421 375 2486 id
400 2443 473 2488 raro
496 2444 557 2508 pro
580 2422 639 2488 illa
661 2426 771 2489 aetate
790 2419 945 2504 exemplo.
977 2419 1045 2485 Nec
1064 2424 1173 2484 tamen
1187 2445 1222 2486 vr

45 2523 103 2604 quis
124 2525 176 2592 ille
199 2527 300 2594 fuerit
322 2532 355 2593 et
378 2529 517 2614 quando,
540 2529 587 2594 eis
611 2551 681 2594 esse
704 2528 848 2593 tenebris
868 2526 1020 2591 obrutum
1039 2525 1174 2611 videtur,

44 2649 110 2712 quas
129 2656 194 2699 non
216 2637 316 2702 liceat
337 2635 458 2721 partim
481 2637 656 2702 memoriae
679 2635 798 2700 indicio
821 2633 943 2720 partim
971 2635 1173 2700 coniecturae

45 2756 94 2819 ope
120 2739 164 2806 ila
190 2742 361 2828 dispellere
388 2746 426 2808 ut
453 2743 494 2809 ad
522 2743 764 2827 persuasionem
797 2741 850 2806 vix
878 2740 1049 2825 quicquam
1082 2739 1174 2805 desit
1286 2761 1290 2770 ·

44 2839 215 2913 Decedam
243 2849 344 2933 enim,
376 2849 467 2914 cuiue
495 2871 595 2932 supra
621 2848 741 2912 mentio
769 2847 869 2931 faeta,
904 2846 940 2924 Q.
963 2843 1065 2913 Fabio
1093 2846 1174 2912 haec

45 2969 113 3032 qnae
134 2954 329 3021 subiecimus
352 2953 504 3020 Valerius
527 2954 689 3020 Maximus
713 2953 739 3037 1,
761 2955 788 3036 1,
807 2953 827 3018 5
849 2953 992 3037 prodidit
1014 2953 1049 3018 in
1068 2975 1173 3019 exem·

42 3055 94 3136 plis
121 3059 261 3126 violatae
294 3061 478 3148 religionis:
515 3060 562 3126 ‘at
590 3059 734 3144 Sulpicio
767 3061 852 3124 inter
883 3059 1128 3124 sacrificandum
1156 3081 1173 3124 e

43 3163 135 3246 capite
156 3188 239 3251 apex
262 3168 435 3253 prolapsus
458 3167 562 3232 eidem
587 3165 804 3232 sacerdotium
828 3167 979 3251 abstulit,
1007 3169 1172 3231 occentus-

43 3287 93 3350 que
118 3273 230 3340 soricis
263 3275 393 3340 auditus
416 3274 518 3340 Fabio
541 3273 686 3339 Maximo
715 3273 923 3359 dictaturam,
955 3271 989 3338 (ί.
1012 3271 1174 3338 Flaminio

42 3377 253 3474 magisterium
276 3381 419 3466 equitum
443 3379 624 3466 deponendi
643 3401 790 3444 caussam
808 3379 982 3464 praebuit?
1019 3379 1100 3445 Rem
1120 3401 1174 3445 au·

42 3485 99 3546 lem
124 3488 258 3554 eandem
285 3509 470 3555 memorans
497 3485 692 3552 Plutarchus
719 3487 754 3550 in
782 3487 851 3552 vita
873 3485 1019 3551 Marcelli
1047 3485 1113 3551 ο.5
1141 3487 1175 3551 in

42 3609 73 3652 eo
97 3615 159 3659 uno
187 3595 325 3662 discedit
352 3618 373 3660 a
394 3594 541 3680 Valerio,
574 3592 660 3680 quod
692 3616 758 3659 non
790 3591 907 3678 Fabio,
942 3593 999 3658 sed
1031 3591 1174 3657 Minucio

43 3692 180 3766 dictatori
203 3703 238 3768 id
262 3701 416 3770 accidisse
440 3702 568 3768 scribit:
598 3701 782 3766 Μινυκίου
811 3702 850 3766 δὲ
874 3700 1099 3779 δικτάτορος
1122 3697 1173 3764 lsr-

42 3823 156 3884 πυρχον
178 3807 411 3876 ἀποδείξαντος
435 3809 529 3874 Γάιον
552 3807 741 3887 Φλαμίνιον,
765 3807 835 3871 ἐπεί
858 3807 983 3886 τριιμό(
1007 3805 1175 3884 ἠκολούθει

42 3911 111 3982 cccc
132 3913 170 3979 ὃν
193 3915 303 3995 (όρικο
317 3905 440 4002 (immo
464 3913 595 3998 (ώρικὰ)
618 3916 777 3992 καλοῦειν,
796 3911 1078 3992 ἀποψηφιοάμενοι
1101 3913 1174 3977 τού-

41 4031 107 4080 του(
133 4019 222 4088 αὖθι(
250 4005 381 4101 ἑτέρου(
408 4025 608 4102 κατέιτηεαν.
659 4019 707 4086 Ι)ο
733 4018 795 4082 bac
827 4017 928 4103 igitur
955 4019 1176 4103 discrepantia

40 4119 80 4185 sic
105 4127 269 4193 statuebat
291 4125 443 4212 Sigonius
471 4150 585 4194 comm
618 4127 651 4192 in
678 4124 782 4188 fastos
811 4127 844 4188 et
870 4123 1055 4210 triumphos
1081 4125 1175 4190 Rom.

42 4225 72 4308 (f.
83 4231 121 4294 59
135 4253 163 4296 ν.
178 4233 227 4298 ed.
237 4233 310 4300 Ald
326 4257 353 4302 a.
367 4235 466 4320 1556)
486 4239 522 4301 ut
540 4234 635 4299 fidem
645 4229 778 4296 Valerio
793 4229 1032 4315 adiungendam
1047 4231 1175 4315 diceret,

42 4329 96 4400 hoc
117 4361 192 4406 usus
217 4347 408 4427 argumento
432 4343 517 4426 quod
541 4342 591 4407 bis
614 4340 805 4405 dictatorcm
828 4337 927 4402 fuisse
942 4337 1079 4404 Fabium
1104 4361 1175 4404 cum

42 4437 143 4510 binius
174 4470 245 4534 cap.
267 4449 339 4534 9,7
373 4452 443 4514 tum
476 4447 619 4534 elogium
651 4445 745 4512 Fabii
777 4443 812 4508 in
843 4442 951 4529 lapide
982 4445 1174 4531 inscriptum

89 4567 127 4605 n.
141 4569 291 4607 mrscmn
310 4571 444 4610 orvacvua
463 4573 500 4608 ιν.
928 4555 962 4604 32
