2972 5120
399 403 682 450 svnsuuuuuuvu
707 403 776 450 uu·
997 393 1003 404 “
1094 387 1159 450 523

91 547 146 613 uie
169 547 220 613 die
242 545 469 629 Betruohtung
492 545 548 610 des
567 544 731 630 Originels
754 544 853 630 lehrt,
875 545 1084 612 entsehieden
1108 545 1159 611 eiu

35 721 38 726 ,
90 653 304 738 Meissellsieb,
331 653 473 719 welcher
495 651 547 717 die
570 653 605 718 in
627 651 716 717 ihrer
738 673 863 740 genuen
886 653 994 738 luinge
1017 652 1159 719 deutlich

91 761 250 828 siohtbere
274 759 361 826 linke
384 759 490 824 Hasta
514 757 569 824 dee
593 759 624 823 A
647 758 834 826 schneidet?

35 867 109 932 Haeo
130 867 229 953 igitur
250 889 324 932 eum
346 866 393 930 ite
416 865 494 949 sint,
522 865 639 930 mirum
662 887 729 930 uon
752 869 802 930 est
828 865 910 932 nihil
933 865 1028 932 hodie
1051 889 1160 950 super-

34 977 89 1038 stes
110 995 177 1038 esse
199 977 329 1059 praeter
351 974 410 1039 hes
434 973 577 1058 litteras,
599 993 735 1057 querum
758 975 863 1038 certus
886 973 980 1056 plene
1003 972 1160 1058 perscrip-

33 1079 133 1162 simus,
154 1079 341 1146 mutilurum
365 1079 474 1164 epiees
496 1101 555 1163 pro
578 1100 612 1143 re
635 1083 714 1145 netu
736 1078 1009 1164 supplevimus*):

339 1197 698 1270 TVRDENODATRI
739 1223 741 1226 ·

338 1309 572 1376 OVA'I'RON
690 1307 809 1374 ALIN

337 1414 591 1481 LOROEVIV

404 1518 479 1588 PR

31 1645 159 1732 l'urpeni
186 1647 239 1712 dei
267 1668 331 1712 nou
360 1646 465 1712 minus
489 1647 626 1712 obscure
653 1647 746 1712 nobis
770 1669 865 1731 quem
894 1647 967 1712 eliis
997 1646 1160 1712 memorie.
1176 1668 1209 1706 v1

34 1791 64 1798 -
88 1754 188 1820 Versu
211 1755 235 1819 2
261 1754 456 1838 interposite
483 1753 568 1818 inter
589 1752 621 1818 N
649 1751 734 1817 etl
762 1753 876 1818 leeune
906 1776 979 1820 eum
1007 1756 1163 1839 quattuor

32 1863 143 1926 tentum
168 1865 227 1926 out
250 1881 412 1926 summum
435 1859 576 1944 quinque
598 1860 830 1926 elementorum
859 1883 959 1945 oepex
983 1861 1040 1944 sit,
1067 1883 1161 1945 prse-

18 1967 120 2051 stebit
140 1966 336 2033 Mommseui
361 1966 586 2051 supplemento
610 1964 895 2032 oVATRONus
908 2016 916 2031 .
931 1969 979 2050 .f.
1002 1965 1164 2033 sALlNus

31 2073 127 2156 paullo
149 2073 280 2138 brevius
303 2071 364 2137 hoe
389 2069 642 2137 O-VATRONi
665 2073 739 2154 ..f.
763 2070 887 2138 sALlN
907 2124 913 2137 .
934 2124 956 2139 ..
1005 2073 1057 2138 lte
1076 2073 1162 2139 enim

32 2179 105 2261 quod
126 2177 217 2244 iuxta
241 2179 365 2264 positus
394 2178 494 2244 hebes
523 2177 652 2262 plenem
675 2175 889 2244 oucnvlvs
921 2183 955 2245 et
981 2180 1161 2245 breviatum

32 2283 212 2352 VATRONi
240 2285 395 2369 formem,
422 2285 454 2350 id
478 2307 574 2370 quem
598 2307 693 2369 seepe
722 2285 846 2351 foetum
870 2287 913 2350 sit
936 2287 1085 2372 exemplu
1107 2286 1162 2351 do-

32 2397 94 2457 cent
114 2393 214 2460 ludio.
238 2392 468 2478 palaeograph.
491 2414 521 2478 p.
539 2389 616 2457 115b
641 2415 660 2458 a
683 2392 777 2458 nobis
802 2395 989 2478 composite.
1009 2429 1057 2456 —.
1070 2391 1164 2488 Cete3

31 2520 91 2563 rum
120 2500 179 2566 hes
212 2500 303 2583 ipses
335 2501 448 2584 gentes
480 2495 720 2581 Praenestinus,
757 2519 829 2563 eum
860 2499 1056 2565 Vetroniem
1092 2504 1162 2564 tum

31 2606 117 2670 etiem
142 2604 397 2692 frequentiorem
426 2603 609 2688 Oroeuiem,
641 2603 721 2669 setis
749 2605 817 2668 iem
848 2605 999 2670 novimus
1027 2627 1065 2670 ex
1095 2605 1162 2670 illis

31 2703 131 2776 titulis¹
144 2734 284 2799 quorum
306 2715 432 2777 tuntmn
455 2733 559 2795 nuper
577 2711 816 2776 multitudinem
835 2711 1051 2796 sepulcretnm
1066 2712 1161 2778 Prae·

32 2819 180 2888 uestinum
203 2820 241 2885 iu
264 2819 368 2885 luoem
391 2817 541 2904 prodidit.

108 3139 212 3206 Huius
240 3139 325 3204 enim
349 3139 520 3224 sepulcreti
544 3161 617 3204 eum
639 3143 716 3223 post
733 3139 920 3205 Henzenum
943 3138 1163 3205 Mommsenus

33 3245 95 3312 ul.
108 3247 140 3314 L.
159 3249 175 3313 I
193 3271 225 3314 n.
243 3247 396 3312 74-165
420 3245 500 3312 duos
525 3249 558 3311 et
579 3247 759 3331 nonaginta
781 3247 895 3312 titulos
921 3247 1165 3332 composuisset,

34 3355 174 3438 equibus
197 3377 298 3420 unum
322 3358 355 3418 et
378 3353 547 3439 sexaginte
574 3353 776 3439 lithographi
807 3359 876 3420 erte
904 3354 1025 3420 imitati
1053 3377 1164 3420 sumus

35 3457 63 3521 P.
83 3459 115 3526 1..
137 3461 180 3527 M.
204 3461 243 3527 E.
266 3461 331 3526 teb.
349 3458 447 3525 XLV.
469 3457 582 3525 XLVI.
605 3457 728 3524 XLVII
752 3464 785 3525 et
807 3459 955 3547 XXXVI,
978 3485 1053 3528 mox
1073 3463 1164 3546 quat·

34 3567 96 3630 tuor
118 3567 193 3632 novi
218 3589 237 3631 e
261 3564 426 3632 Cicerehie
449 3564 664 3652 Hennenoque
688 3567 781 3632 missi
803 3567 838 3632 in
861 3567 1004 3633 eiusdem
1028 3566 1163 3634 Momm-

35 3672 94 3736 seui
114 3671 280 3740 Addendis
302 3695 333 3756 p.
353 3671 419 3738 555
442 3693 612 3738 secessere.
652 3673 776 3738 Rursus
799 3673 860 3740 hos
884 3674 912 3737 ei
935 3696 1021 3739 nuno
1041 3678 1165 3758 septem

36 3777 183 3862 excipiunt
207 3801 289 3866 quos
313 3779 373 3844 sub
389 3766 504 3846 Δ0--ιῙ
522 3785 780 3865 repressenteios
807 3779 992 3846 intuemini:
1020 3780 1163 3846 omnium

36 3885 65 3944 ut
89 3905 237 3951 numerus
264 3885 330 3950 iem
358 3885 401 3950 eit
427 3885 468 3950 ed
492 3883 569 3951 (llll
596 3891 718 3953 suetus.
772 3885 855 3953 Sunt
883 3892 990 3953 autem
1021 3886 1056 3952 hi
1084 3909 1164 3973 quos

35 3985 108 4055 infre
128 3984 291 4079 posui.**)

112 4113 145 4180 D
181 4115 330 4202 [Ephem.
350 4117 535 4202 epigr.lp.
554 4117 592 4182 19
615 4141 647 4184 n.
661 4119 717 4200 46]
765 4116 1048 4198 cusum-Qu

112 4223 146 4288 F.
182 4223 277 4304 [lbid.
300 4247 330 4309 p.
350 4225 394 4290 20
415 4246 446 4289 u.
465 4225 522 4306 47]
765 4224 1040 4294 elnoldo-11*

74 4356 234 4366 -—.-—

114 4415 139 4483 ¹)
156 4415 211 4488 [cf.
231 4415 371 4487 Supplem.
391 4416 430 4472 lv
448 4433 475 4486 p.
490 4415 554 4471 xlv
569 4419 644 4488 (tta)
657 4437 698 4488 sq.
736 4417 764 4473 C.
780 4418 836 4490 W.]

99 4503 138 4570 *Ἴ
156 4503 208 4574 [Oi.
228 4505 369 4578 Suppletn
389 4505 427 4560 Ν
445 4524 472 4576 p.
488 4505 539 4562 XV
558 4509 621 4576 (tol
635 4511 695 4578 etp).
733 4507 763 4564 C.
779 4507 837 4583 W.]
