<?xml version="1.0" encoding="UTF-8"?>
<!DOCTYPE html PUBLIC "-//W3C//DTD XHTML 1.0 Transitional//EN"
    "http://www.w3.org/TR/xhtml1/DTD/xhtml1-transitional.dtd">
<html xmlns="http://www.w3.org/1999/xhtml" xml:lang="en" lang="en">
 <head>
  <title>
</title>
<meta http-equiv="Content-Type" content="text/html;charset=utf-8" />
  <meta name='ocr-system' content='tesseract 3.04.00' />
  <meta name='ocr-capabilities' content='ocr_page ocr_carea ocr_par ocr_line ocrx_word'/>
</head>
<body>
  <div class='ocr_page' id='page_1' title='image "./fridericiritsch03ritsgoog_0031.png"; bbox 0 0 3108 5142; ppageno 0'>
   <div class='ocr_carea' id='block_1_1' title="bbox 313 333 1149 402">
    <p class='ocr_par' dir='ltr' id='par_1_1' title="bbox 313 333 1149 402">
     <span class='ocr_line' id='line_1_1' title="bbox 313 333 1149 402; baseline 0.004 -6"><span class='ocrx_word' id='word_1_1' title='bbox 313 333 334 396; x_wconf 72' lang='grc'><em>2</em></span> <span class='ocrx_word' id='word_1_2' title='bbox 628 352 850 401; x_wconf 82' lang='lat' dir='ltr'>srrcrnnorvn</span> <span class='ocrx_word' id='word_1_3' title='bbox 875 351 1149 402; x_wconf 77' lang='lat' dir='ltr'>nrrcrmrrncvn.</span> 
     </span>
    </p>
   </div>
   <div class='ocr_carea' id='block_1_2' title="bbox 285 493 1544 4106">
    <p class='ocr_par' dir='ltr' id='par_1_2' title="bbox 285 493 1544 3570">
     <span class='ocr_line' id='line_1_2' title="bbox 312 493 1445 582; baseline -0.001 -26"><span class='ocrx_word' id='word_1_4' title='bbox 312 515 378 557; x_wconf 90' lang='lat' dir='ltr'>non</span> <span class='ocrx_word' id='word_1_5' title='bbox 407 494 565 578; x_wconf 82' lang='lat' dir='ltr'>hodieque</span> <span class='ocrx_word' id='word_1_6' title='bbox 595 519 632 560; x_wconf 89' lang='lat' dir='ltr'>eo</span> <span class='ocrx_word' id='word_1_7' title='bbox 666 497 700 560; x_wconf 94' lang='lat' dir='ltr'>in</span> <span class='ocrx_word' id='word_1_8' title='bbox 727 519 844 582; x_wconf 82' lang='lat' dir='ltr'>genere</span> <span class='ocrx_word' id='word_1_9' title='bbox 877 497 1033 581; x_wconf 87' lang='lat' dir='ltr'>reperias,</span> <span class='ocrx_word' id='word_1_10' title='bbox 1066 517 1148 580; x_wconf 88' lang='lat' dir='ltr'>quac</span> <span class='ocrx_word' id='word_1_11' title='bbox 1177 516 1250 558; x_wconf 89' lang='lat' dir='ltr'>cum</span> <span class='ocrx_word' id='word_1_12' title='bbox 1278 493 1445 575; x_wconf 81' lang='lat' dir='ltr'>Transalpi-</span> 
     </span>
     <span class='ocr_line' id='line_1_3' title="bbox 313 599 1446 688; baseline 0 -26"><span class='ocrx_word' id='word_1_13' title='bbox 313 622 428 664; x_wconf 87' lang='lat' dir='ltr'>norum</span> <span class='ocrx_word' id='word_1_14' title='bbox 460 601 561 665; x_wconf 83' lang='lat' dir='ltr'>aciem</span> <span class='ocrx_word' id='word_1_15' title='bbox 597 604 763 668; x_wconf 88' lang='lat' dir='ltr'>oculorum</span> <span class='ocrx_word' id='word_1_16' title='bbox 791 605 947 688; x_wconf 74' lang='lat' dir='ltr'>fugerint,</span> <span class='ocrx_word' id='word_1_17' title='bbox 982 603 1195 687; x_wconf 79' lang='lat' dir='ltr'>Hyperboreo</span> <span class='ocrx_word' id='word_1_18' title='bbox 1223 599 1446 685; x_wconf 87' lang='lat' dir='ltr'>peregrinatori</span> 
     </span>
     <span class='ocr_line' id='line_1_4' title="bbox 313 706 1544 795; baseline -0.002 -25"><span class='ocrx_word' id='word_1_19' title='bbox 313 711 484 789; x_wconf 73' lang='lat' dir='ltr'>patescant</span> <span class='ocrx_word' id='word_1_20' title='bbox 516 715 644 792; x_wconf 86' lang='lat' dir='ltr'>practer</span> <span class='ocrx_word' id='word_1_21' title='bbox 676 712 959 795; x_wconf 82' lang='lat' dir='ltr'>exspectationem.</span> <span class='ocrx_word' id='word_1_22' title='bbox 1010 708 1178 774; x_wconf 82' lang='lat' dir='ltr'>Eiusmodi</span> <span class='ocrx_word' id='word_1_23' title='bbox 1211 712 1274 791; x_wconf 89' lang='lat' dir='ltr'>est,</span> <span class='ocrx_word' id='word_1_24' title='bbox 1311 707 1391 790; x_wconf 91' lang='lat' dir='ltr'>quod</span> <span class='ocrx_word' id='word_1_25' title='bbox 1420 706 1447 768; x_wconf 90' lang='lat' dir='ltr'>in</span> <span class='ocrx_word' id='word_1_26' title='bbox 1543 783 1544 786; x_wconf 8' lang='grc' dir='ltr'><strong>Ἴ</strong></span> 
     </span>
     <span class='ocr_line' id='line_1_5' title="bbox 314 813 1448 902; baseline -0.002 -25"><span class='ocrx_word' id='word_1_27' title='bbox 314 813 412 879; x_wconf 87' lang='lat' dir='ltr'>Vrbis</span> <span class='ocrx_word' id='word_1_28' title='bbox 437 816 637 882; x_wconf 85' lang='lat' dir='ltr'>bibliotheca</span> <span class='ocrx_word' id='word_1_29' title='bbox 660 819 799 902; x_wconf 89' lang='lat' dir='ltr'>quadam</span> <span class='ocrx_word' id='word_1_30' title='bbox 822 819 963 884; x_wconf 90' lang='lat' dir='ltr'>codicem</span> <span class='ocrx_word' id='word_1_31' title='bbox 988 816 1211 902; x_wconf 81' lang='lat' dir='ltr'>indagavimus</span> <span class='ocrx_word' id='word_1_32' title='bbox 1238 835 1255 877; x_wconf 86' lang='lat' dir='ltr'>e</span> <span class='ocrx_word' id='word_1_33' title='bbox 1279 813 1448 896; x_wconf 79' lang='lat' dir='ltr'>disparibus</span> 
     </span>
     <span class='ocr_line' id='line_1_6' title="bbox 313 921 1543 1008; baseline -0.001 -25"><span class='ocrx_word' id='word_1_34' title='bbox 313 922 439 986; x_wconf 87' lang='lat' dir='ltr'>schedis</span> <span class='ocrx_word' id='word_1_35' title='bbox 477 928 700 1008; x_wconf 90' lang='lat' dir='ltr'>compactum,</span> <span class='ocrx_word' id='word_1_36' title='bbox 735 926 852 1008; x_wconf 91' lang='lat' dir='ltr'>quibus</span> <span class='ocrx_word' id='word_1_37' title='bbox 891 925 1034 988; x_wconf 89' lang='lat' dir='ltr'>eruditus</span> <span class='ocrx_word' id='word_1_38' title='bbox 1073 924 1190 1006; x_wconf 89' lang='lat' dir='ltr'>homo,</span> <span class='ocrx_word' id='word_1_39' title='bbox 1226 921 1390 984; x_wconf 87' lang='lat' dir='ltr'>Romanus</span> <span class='ocrx_word' id='word_1_40' title='bbox 1419 923 1449 981; x_wconf 89' lang='lat' dir='ltr'>ut</span> <span class='ocrx_word' id='word_1_41' title='bbox 1542 981 1543 992; x_wconf 63' lang='grc'>,</span> 
     </span>
     <span class='ocr_line' id='line_1_7' title="bbox 316 1026 1450 1114; baseline -0.002 -23"><span class='ocrx_word' id='word_1_42' title='bbox 316 1029 450 1112; x_wconf 86' lang='lat' dir='ltr'>videtur,</span> <span class='ocrx_word' id='word_1_43' title='bbox 475 1031 610 1094; x_wconf 88' lang='lat' dir='ltr'>saeculis</span> <span class='ocrx_word' id='word_1_44' title='bbox 635 1031 762 1114; x_wconf 89' lang='lat' dir='ltr'>quidem</span> <span class='ocrx_word' id='word_1_45' title='bbox 789 1032 852 1095; x_wconf 90' lang='lat' dir='ltr'>nisi</span> <span class='ocrx_word' id='word_1_46' title='bbox 876 1031 1019 1095; x_wconf 88' lang='lat' dir='ltr'>fallimur</span> <span class='ocrx_word' id='word_1_47' title='bbox 1041 1030 1120 1095; x_wconf 86' lang='lat' dir='ltr'>XVI</span> <span class='ocrx_word' id='word_1_48' title='bbox 1145 1036 1177 1093; x_wconf 89' lang='lat' dir='ltr'>ct</span> <span class='ocrx_word' id='word_1_49' title='bbox 1200 1027 1296 1092; x_wconf 86' lang='lat' dir='ltr'>XVII</span> <span class='ocrx_word' id='word_1_50' title='bbox 1319 1026 1450 1110; x_wconf 86' lang='lat' dir='ltr'>amplam</span> 
     </span>
     <span class='ocr_line' id='line_1_8' title="bbox 314 1133 1451 1222; baseline -0.004 -23"><span class='ocrx_word' id='word_1_51' title='bbox 314 1136 560 1220; x_wconf 82' lang='lat' dir='ltr'>inscriptionum</span> <span class='ocrx_word' id='word_1_52' title='bbox 586 1137 768 1221; x_wconf 85' lang='lat' dir='ltr'>congeriem</span> <span class='ocrx_word' id='word_1_53' title='bbox 797 1139 962 1203; x_wconf 85' lang='lat' dir='ltr'>mandavit</span> <span class='ocrx_word' id='word_1_54' title='bbox 989 1139 1109 1221; x_wconf 88' lang='lat' dir='ltr'>partim</span> <span class='ocrx_word' id='word_1_55' title='bbox 1132 1135 1340 1222; x_wconf 88' lang='lat' dir='ltr'>postmodnm</span> <span class='ocrx_word' id='word_1_56' title='bbox 1364 1133 1451 1197; x_wconf 85' lang='lat' dir='ltr'>edita·</span> 
     </span>
     <span class='ocr_line' id='line_1_9' title="bbox 316 1241 1452 1329; baseline -0.004 -21"><span class='ocrx_word' id='word_1_57' title='bbox 316 1266 386 1308; x_wconf 87' lang='lat' dir='ltr'>rum</span> <span class='ocrx_word' id='word_1_58' title='bbox 417 1243 537 1327; x_wconf 88' lang='lat' dir='ltr'>partim</span> <span class='ocrx_word' id='word_1_59' title='bbox 566 1243 669 1308; x_wconf 88' lang='lat' dir='ltr'>adhuc</span> <span class='ocrx_word' id='word_1_60' title='bbox 696 1267 762 1309; x_wconf 93' lang='lat' dir='ltr'>non</span> <span class='ocrx_word' id='word_1_61' title='bbox 792 1246 1008 1329; x_wconf 90' lang='lat' dir='ltr'>cognitarum.</span> <span class='ocrx_word' id='word_1_62' title='bbox 1059 1245 1121 1320; x_wconf 80' lang='lat' dir='ltr'>Qui</span> <span class='ocrx_word' id='word_1_63' title='bbox 1149 1244 1249 1308; x_wconf 86' lang='lat' dir='ltr'>codex</span> <span class='ocrx_word' id='word_1_64' title='bbox 1277 1241 1334 1306; x_wconf 93' lang='lat' dir='ltr'>ubi</span> <span class='ocrx_word' id='word_1_65' title='bbox 1361 1243 1452 1304; x_wconf 89' lang='lat' dir='ltr'>lateat</span> 
     </span>
     <span class='ocr_line' id='line_1_10' title="bbox 315 1349 1514 1436; baseline -0.003 -22"><span class='ocrx_word' id='word_1_66' title='bbox 315 1357 384 1414; x_wconf 88' lang='lat' dir='ltr'>turn</span> <span class='ocrx_word' id='word_1_67' title='bbox 414 1350 649 1416; x_wconf 88' lang='lat' dir='ltr'>declarabimus</span> <span class='ocrx_word' id='word_1_68' title='bbox 679 1375 869 1436; x_wconf 90' lang='lat' dir='ltr'>omnemque</span> <span class='ocrx_word' id='word_1_69' title='bbox 898 1352 966 1416; x_wconf 89' lang='lat' dir='ltr'>eius</span> <span class='ocrx_word' id='word_1_70' title='bbox 994 1351 1135 1416; x_wconf 86' lang='lat' dir='ltr'>indolem</span> <span class='ocrx_word' id='word_1_71' title='bbox 1165 1349 1348 1414; x_wconf 84' lang='lat' dir='ltr'>accuratius</span> <span class='ocrx_word' id='word_1_72' title='bbox 1372 1370 1452 1413; x_wconf 88' lang='lat' dir='ltr'>enar·</span> <span class='ocrx_word' id='word_1_73' title='bbox 1511 1401 1514 1404; x_wconf 90' lang='lat'><strong>.</strong></span> 
     </span>
     <span class='ocr_line' id='line_1_11' title="bbox 317 1455 1454 1543; baseline -0.004 -21"><span class='ocrx_word' id='word_1_74' title='bbox 317 1459 471 1541; x_wconf 74' lang='lat' dir='ltr'>rabimuS,</span> <span class='ocrx_word' id='word_1_75' title='bbox 490 1482 563 1524; x_wconf 91' lang='lat' dir='ltr'>cum</span> <span class='ocrx_word' id='word_1_76' title='bbox 581 1460 670 1543; x_wconf 89' lang='lat' dir='ltr'>ipsas</span> <span class='ocrx_word' id='word_1_77' title='bbox 690 1459 929 1543; x_wconf 87' lang='lat' dir='ltr'>inscriptiones,</span> <span class='ocrx_word' id='word_1_78' title='bbox 948 1464 1164 1543; x_wconf 88' lang='lat' dir='ltr'>quotcumque</span> <span class='ocrx_word' id='word_1_79' title='bbox 1185 1458 1295 1522; x_wconf 86' lang='lat' dir='ltr'>insunt</span> <span class='ocrx_word' id='word_1_80' title='bbox 1313 1455 1454 1534; x_wconf 83' lang='lat' dir='ltr'>ineditae,</span> 
     </span>
     <span class='ocr_line' id='line_1_12' title="bbox 313 1561 1453 1656; baseline -0.004 -27"><span class='ocrx_word' id='word_1_81' title='bbox 313 1588 370 1650; x_wconf 89' lang='lat' dir='ltr'>per</span> <span class='ocrx_word' id='word_1_82' title='bbox 393 1565 452 1630; x_wconf 88' lang='lat' dir='ltr'>has</span> <span class='ocrx_word' id='word_1_83' title='bbox 477 1567 645 1650; x_wconf 88' lang='lat' dir='ltr'>praefandi</span> <span class='ocrx_word' id='word_1_84' title='bbox 670 1567 929 1650; x_wconf 87' lang='lat' dir='ltr'>opportunitates</span> <span class='ocrx_word' id='word_1_85' title='bbox 953 1561 1230 1656; x_wconf 78' lang='lat' dir='ltr'>protulerimus‚*)</span> <span class='ocrx_word' id='word_1_86' title='bbox 1268 1563 1376 1648; x_wconf 83' lang='lat' dir='ltr'>Atque</span> <span class='ocrx_word' id='word_1_87' title='bbox 1401 1561 1453 1624; x_wconf 90' lang='lat' dir='ltr'>uti·</span> 
     </span>
     <span class='ocr_line' id='line_1_13' title="bbox 311 1670 1452 1758; baseline -0.006 -20"><span class='ocrx_word' id='word_1_88' title='bbox 311 1697 385 1738; x_wconf 88' lang='lat' dir='ltr'>nam</span> <span class='ocrx_word' id='word_1_89' title='bbox 424 1674 488 1738; x_wconf 91' lang='lat' dir='ltr'>iam</span> <span class='ocrx_word' id='word_1_90' title='bbox 526 1674 649 1757; x_wconf 89' lang='lat' dir='ltr'>perfrui</span> <span class='ocrx_word' id='word_1_91' title='bbox 685 1675 874 1758; x_wconf 89' lang='lat' dir='ltr'>plenissimo</span> <span class='ocrx_word' id='word_1_92' title='bbox 907 1675 965 1739; x_wconf 94' lang='lat' dir='ltr'>illo</span> <span class='ocrx_word' id='word_1_93' title='bbox 997 1674 1251 1758; x_wconf 89' lang='lat' dir='ltr'>Inscriptionum</span> <span class='ocrx_word' id='word_1_94' title='bbox 1284 1670 1452 1735; x_wconf 86' lang='lat' dir='ltr'>latinarum</span> 
     </span>
     <span class='ocr_line' id='line_1_14' title="bbox 312 1765 1454 1864; baseline -0.004 -22"><span class='ocrx_word' id='word_1_95' title='bbox 312 1779 479 1845; x_wconf 88' lang='lat' dir='ltr'>Thesauro</span> <span class='ocrx_word' id='word_1_96' title='bbox 508 1765 619 1845; x_wconf 80' lang='lat' dir='ltr'>liceret</span> <span class='ocrx_word' id='word_1_97' title='bbox 647 1784 815 1864; x_wconf 86' lang='lat' dir='ltr'>tantopere</span> <span class='ocrx_word' id='word_1_98' title='bbox 849 1780 889 1844; x_wconf 87' lang='lat' dir='ltr'>ab</span> <span class='ocrx_word' id='word_1_99' title='bbox 913 1782 1063 1845; x_wconf 91' lang='lat' dir='ltr'>omnibus</span> <span class='ocrx_word' id='word_1_100' title='bbox 1088 1781 1245 1863; x_wconf 86' lang='lat' dir='ltr'>expetite,</span> <span class='ocrx_word' id='word_1_101' title='bbox 1274 1778 1366 1842; x_wconf 89' lang='lat' dir='ltr'>cuius</span> <span class='ocrx_word' id='word_1_102' title='bbox 1390 1797 1454 1858; x_wconf 88' lang='lat' dir='ltr'>pro·</span> 
     </span>
     <span class='ocr_line' id='line_1_15' title="bbox 312 1884 1454 1971; baseline -0.003 -22"><span class='ocrx_word' id='word_1_103' title='bbox 312 1887 408 1951; x_wconf 91' lang='lat' dir='ltr'>dendi</span> <span class='ocrx_word' id='word_1_104' title='bbox 437 1910 526 1970; x_wconf 90' lang='lat' dir='ltr'>spem</span> <span class='ocrx_word' id='word_1_105' title='bbox 555 1887 773 1971; x_wconf 90' lang='lat' dir='ltr'>gratissimam</span> <span class='ocrx_word' id='word_1_106' title='bbox 803 1887 842 1950; x_wconf 89' lang='lat' dir='ltr'>ab</span> <span class='ocrx_word' id='word_1_107' title='bbox 874 1886 956 1952; x_wconf 91' lang='lat' dir='ltr'>Olao</span> <span class='ocrx_word' id='word_1_108' title='bbox 980 1886 1207 1952; x_wconf 89' lang='lat' dir='ltr'>Kellermanno</span> <span class='ocrx_word' id='word_1_109' title='bbox 1231 1884 1326 1949; x_wconf 91' lang='lat' dir='ltr'>Dano</span> <span class='ocrx_word' id='word_1_110' title='bbox 1357 1889 1454 1949; x_wconf 85' lang='lat' dir='ltr'>osten-</span> 
     </span>
     <span class='ocr_line' id='line_1_16' title="bbox 285 1991 1456 2078; baseline -0.003 -22"><span class='ocrx_word' id='word_1_111' title='bbox 285 1998 416 2058; x_wconf 78' lang='lat' dir='ltr'>⁴tatam</span> <span class='ocrx_word' id='word_1_112' title='bbox 450 2017 537 2059; x_wconf 90' lang='lat' dir='ltr'>mors</span> <span class='ocrx_word' id='word_1_113' title='bbox 575 1997 782 2076; x_wconf 84' lang='lat' dir='ltr'>praematura</span> <span class='ocrx_word' id='word_1_114' title='bbox 820 1994 1012 2078; x_wconf 82' lang='lat' dir='ltr'>gnarissirni</span> <span class='ocrx_word' id='word_1_115' title='bbox 1045 1992 1258 2058; x_wconf 89' lang='lat' dir='ltr'>adulescentis</span> <span class='ocrx_word' id='word_1_116' title='bbox 1293 1991 1456 2074; x_wconf 87' lang='lat' dir='ltr'>inopinato</span> 
     </span>
     <span class='ocr_line' id='line_1_17' title="bbox 313 2097 1542 2183; baseline -0.003 -20"><span class='ocrx_word' id='word_1_117' title='bbox 313 2101 459 2165; x_wconf 87' lang='lat' dir='ltr'>abstulit.</span> <span class='ocrx_word' id='word_1_118' title='bbox 505 2101 645 2164; x_wconf 88' lang='lat' dir='ltr'>Difficile</span> <span class='ocrx_word' id='word_1_119' title='bbox 674 2105 723 2164; x_wconf 88' lang='lat' dir='ltr'>est</span> <span class='ocrx_word' id='word_1_120' title='bbox 747 2101 852 2183; x_wconf 91' lang='lat' dir='ltr'>enim,</span> <span class='ocrx_word' id='word_1_121' title='bbox 881 2104 937 2165; x_wconf 90' lang='lat' dir='ltr'>aut</span> <span class='ocrx_word' id='word_1_122' title='bbox 966 2104 1002 2164; x_wconf 88' lang='lat' dir='ltr'>ut</span> <span class='ocrx_word' id='word_1_123' title='bbox 1026 2100 1129 2164; x_wconf 87' lang='lat' dir='ltr'>verius</span> <span class='ocrx_word' id='word_1_124' title='bbox 1160 2099 1278 2182; x_wconf 88' lang='lat' dir='ltr'>dicam,</span> <span class='ocrx_word' id='word_1_125' title='bbox 1308 2098 1381 2161; x_wconf 90' lang='lat' dir='ltr'>fieri</span> <span class='ocrx_word' id='word_1_126' title='bbox 1409 2097 1456 2160; x_wconf 82' lang='lat' dir='ltr'>vir</span> <span class='ocrx_word' id='word_1_127' title='bbox 1541 2171 1542 2174; x_wconf 7' lang='grc' dir='ltr'><strong>Ἴ</strong></span> 
     </span>
     <span class='ocr_line' id='line_1_18' title="bbox 312 2206 1458 2290; baseline -0.004 -19"><span class='ocrx_word' id='word_1_128' title='bbox 312 2230 350 2271; x_wconf 90' lang='lat' dir='ltr'>ac</span> <span class='ocrx_word' id='word_1_129' title='bbox 379 2230 419 2271; x_wconf 92' lang='lat' dir='ltr'>ne</span> <span class='ocrx_word' id='word_1_130' title='bbox 448 2208 501 2271; x_wconf 87' lang='lat' dir='ltr'>vix</span> <span class='ocrx_word' id='word_1_131' title='bbox 530 2207 659 2290; x_wconf 89' lang='lat' dir='ltr'>quidem</span> <span class='ocrx_word' id='word_1_132' title='bbox 687 2211 811 2290; x_wconf 85' lang='lat' dir='ltr'>potest,</span> <span class='ocrx_word' id='word_1_133' title='bbox 840 2211 876 2270; x_wconf 94' lang='lat' dir='ltr'>ut</span> <span class='ocrx_word' id='word_1_134' title='bbox 904 2207 971 2271; x_wconf 91' lang='lat' dir='ltr'>sine</span> <span class='ocrx_word' id='word_1_135' title='bbox 1001 2207 1118 2271; x_wconf 88' lang='lat' dir='ltr'>erroris</span> <span class='ocrx_word' id='word_1_136' title='bbox 1143 2206 1301 2289; x_wconf 91' lang='lat' dir='ltr'>periculo,</span> <span class='ocrx_word' id='word_1_137' title='bbox 1330 2206 1458 2290; x_wconf 86' lang='lat' dir='ltr'>vulgata</span> 
     </span>
     <span class='ocr_line' id='line_1_19' title="bbox 313 2313 1457 2399; baseline -0.003 -22"><span class='ocrx_word' id='word_1_138' title='bbox 313 2336 412 2378; x_wconf 91' lang='lat' dir='ltr'>necne</span> <span class='ocrx_word' id='word_1_139' title='bbox 437 2315 479 2376; x_wconf 87' lang='lat' dir='ltr'>sit</span> <span class='ocrx_word' id='word_1_140' title='bbox 502 2314 672 2397; x_wconf 89' lang='lat' dir='ltr'>quaepiam</span> <span class='ocrx_word' id='word_1_141' title='bbox 691 2313 870 2398; x_wconf 86' lang='lat' dir='ltr'>inscriptio,</span> <span class='ocrx_word' id='word_1_142' title='bbox 893 2314 990 2378; x_wconf 92' lang='lat' dir='ltr'>hodie</span> <span class='ocrx_word' id='word_1_143' title='bbox 1014 2317 1209 2399; x_wconf 85' lang='lat' dir='ltr'>exploretur:</span> <span class='ocrx_word' id='word_1_144' title='bbox 1233 2316 1363 2378; x_wconf 87' lang='lat' dir='ltr'>tantum</span> <span class='ocrx_word' id='word_1_145' title='bbox 1387 2333 1457 2377; x_wconf 93' lang='lat' dir='ltr'>con-</span> 
     </span>
     <span class='ocr_line' id='line_1_20' title="bbox 313 2420 1457 2505; baseline -0.002 -23"><span class='ocrx_word' id='word_1_146' title='bbox 313 2424 380 2483; x_wconf 89' lang='lat' dir='ltr'>stat</span> <span class='ocrx_word' id='word_1_147' title='bbox 404 2424 530 2502; x_wconf 88' lang='lat' dir='ltr'>praeter</span> <span class='ocrx_word' id='word_1_148' title='bbox 554 2421 728 2503; x_wconf 90' lang='lat' dir='ltr'>ampliores</span> <span class='ocrx_word' id='word_1_149' title='bbox 748 2421 938 2503; x_wconf 87' lang='lat' dir='ltr'>easdemque</span> <span class='ocrx_word' id='word_1_150' title='bbox 958 2421 1053 2485; x_wconf 85' lang='lat' dir='ltr'>facile</span> <span class='ocrx_word' id='word_1_151' title='bbox 1071 2421 1235 2505; x_wconf 90' lang='lat' dir='ltr'>parabiles</span> <span class='ocrx_word' id='word_1_152' title='bbox 1256 2420 1457 2484; x_wconf 85' lang='lat' dir='ltr'>collectiones</span> 
     </span>
     <span class='ocr_line' id='line_1_21' title="bbox 314 2524 1457 2612; baseline -0.002 -23"><span class='ocrx_word' id='word_1_153' title='bbox 314 2526 529 2612; x_wconf 87' lang='lat' dir='ltr'>singularium</span> <span class='ocrx_word' id='word_1_154' title='bbox 563 2527 597 2591; x_wconf 92' lang='lat' dir='ltr'>in</span> <span class='ocrx_word' id='word_1_155' title='bbox 629 2526 691 2589; x_wconf 92' lang='lat' dir='ltr'>hoe</span> <span class='ocrx_word' id='word_1_156' title='bbox 725 2547 843 2610; x_wconf 89' lang='lat' dir='ltr'>genere</span> <span class='ocrx_word' id='word_1_157' title='bbox 870 2527 1054 2592; x_wconf 88' lang='lat' dir='ltr'>libellorum</span> <span class='ocrx_word' id='word_1_158' title='bbox 1086 2549 1256 2591; x_wconf 87' lang='lat' dir='ltr'>numerum</span> <span class='ocrx_word' id='word_1_159' title='bbox 1285 2549 1371 2610; x_wconf 91' lang='lat' dir='ltr'>esse,</span> <span class='ocrx_word' id='word_1_160' title='bbox 1408 2524 1457 2609; x_wconf 90' lang='lat' dir='ltr'>qui</span> 
     </span>
     <span class='ocr_line' id='line_1_22' title="bbox 313 2631 1458 2719; baseline -0.002 -24"><span class='ocrx_word' id='word_1_161' title='bbox 313 2634 407 2698; x_wconf 89' lang='lat' dir='ltr'>simul</span> <span class='ocrx_word' id='word_1_162' title='bbox 438 2639 533 2719; x_wconf 86' lang='lat' dir='ltr'>atque</span> <span class='ocrx_word' id='word_1_163' title='bbox 562 2636 596 2699; x_wconf 91' lang='lat' dir='ltr'>in</span> <span class='ocrx_word' id='word_1_164' title='bbox 622 2636 728 2698; x_wconf 91' lang='lat' dir='ltr'>lucem</span> <span class='ocrx_word' id='word_1_165' title='bbox 756 2639 832 2698; x_wconf 90' lang='lat' dir='ltr'>sunt</span> <span class='ocrx_word' id='word_1_166' title='bbox 860 2634 981 2716; x_wconf 87' lang='lat' dir='ltr'>emissi,</span> <span class='ocrx_word' id='word_1_167' title='bbox 1010 2656 1170 2698; x_wconf 90' lang='lat' dir='ltr'>rarescere</span> <span class='ocrx_word' id='word_1_168' title='bbox 1202 2634 1236 2697; x_wconf 92' lang='lat' dir='ltr'>in</span> <span class='ocrx_word' id='word_1_169' title='bbox 1261 2634 1333 2716; x_wconf 90' lang='lat' dir='ltr'>ipsa</span> <span class='ocrx_word' id='word_1_170' title='bbox 1357 2631 1458 2716; x_wconf 88' lang='lat' dir='ltr'>patria</span> 
     </span>
     <span class='ocr_line' id='line_1_23' title="bbox 313 2740 1457 2826; baseline -0.001 -22"><span class='ocrx_word' id='word_1_171' title='bbox 313 2742 432 2824; x_wconf 90' lang='lat' dir='ltr'>solent,</span> <span class='ocrx_word' id='word_1_172' title='bbox 461 2741 501 2806; x_wconf 90' lang='lat' dir='ltr'>ad</span> <span class='ocrx_word' id='word_1_173' title='bbox 535 2745 662 2806; x_wconf 88' lang='lat' dir='ltr'>nostras</span> <span class='ocrx_word' id='word_1_174' title='bbox 697 2763 770 2806; x_wconf 89' lang='lat' dir='ltr'>oras</span> <span class='ocrx_word' id='word_1_175' title='bbox 799 2763 838 2804; x_wconf 89' lang='lat' dir='ltr'>ne</span> <span class='ocrx_word' id='word_1_176' title='bbox 866 2741 1046 2824; x_wconf 85' lang='lat' dir='ltr'>pervadunt</span> <span class='ocrx_word' id='word_1_177' title='bbox 1074 2741 1210 2824; x_wconf 91' lang='lat' dir='ltr'>quidem.</span> <span class='ocrx_word' id='word_1_178' title='bbox 1258 2740 1457 2826; x_wconf 86' lang='lat' dir='ltr'>Quamquam</span> 
     </span>
     <span class='ocr_line' id='line_1_24' title="bbox 312 2847 1457 2934; baseline -0.001 -23"><span class='ocrx_word' id='word_1_179' title='bbox 312 2870 393 2934; x_wconf 89' lang='lat' dir='ltr'>quae</span> <span class='ocrx_word' id='word_1_180' title='bbox 425 2871 511 2912; x_wconf 92' lang='lat' dir='ltr'>nunc</span> <span class='ocrx_word' id='word_1_181' title='bbox 545 2871 731 2933; x_wconf 84' lang='lat' dir='ltr'>expromere</span> <span class='ocrx_word' id='word_1_182' title='bbox 764 2848 908 2911; x_wconf 89' lang='lat' dir='ltr'>animum</span> <span class='ocrx_word' id='word_1_183' title='bbox 943 2847 1138 2931; x_wconf 87' lang='lat' dir='ltr'>induximus,</span> <span class='ocrx_word' id='word_1_184' title='bbox 1171 2848 1209 2911; x_wconf 90' lang='lat' dir='ltr'>de</span> <span class='ocrx_word' id='word_1_185' title='bbox 1242 2847 1282 2910; x_wconf 90' lang='lat' dir='ltr'>iis</span> <span class='ocrx_word' id='word_1_186' title='bbox 1313 2852 1457 2912; x_wconf 86' lang='lat' dir='ltr'>nostrum</span> 
     </span>
     <span class='ocr_line' id='line_1_25' title="bbox 311 2951 1458 3039; baseline -0.005 -20"><span class='ocrx_word' id='word_1_187' title='bbox 311 2957 464 3020; x_wconf 90' lang='lat' dir='ltr'>iudicium</span> <span class='ocrx_word' id='word_1_188' title='bbox 489 2957 585 3039; x_wconf 88' lang='lat' dir='ltr'>longe</span> <span class='ocrx_word' id='word_1_189' title='bbox 611 2957 807 3039; x_wconf 85' lang='lat' dir='ltr'>gravissima</span> <span class='ocrx_word' id='word_1_190' title='bbox 830 2955 898 3018; x_wconf 89' lang='lat' dir='ltr'>eius</span> <span class='ocrx_word' id='word_1_191' title='bbox 919 2953 979 3018; x_wconf 79' lang='lat' dir='ltr'>viri</span> <span class='ocrx_word' id='word_1_192' title='bbox 1000 2953 1160 3018; x_wconf 89' lang='lat' dir='ltr'>sententia</span> <span class='ocrx_word' id='word_1_193' title='bbox 1179 2954 1395 3038; x_wconf 81' lang='lat' dir='ltr'>confirmarit,</span> <span class='ocrx_word' id='word_1_194' title='bbox 1413 2951 1458 3016; x_wconf 91' lang='lat' dir='ltr'>cui</span> 
     </span>
     <span class='ocr_line' id='line_1_26' title="bbox 312 3061 1459 3145; baseline -0.001 -22"><span class='ocrx_word' id='word_1_195' title='bbox 312 3062 436 3144; x_wconf 90' lang='lat' dir='ltr'>primas</span> <span class='ocrx_word' id='word_1_196' title='bbox 474 3061 508 3124; x_wconf 92' lang='lat' dir='ltr'>in</span> <span class='ocrx_word' id='word_1_197' title='bbox 547 3062 765 3145; x_wconf 89' lang='lat' dir='ltr'>epigraphicis</span> <span class='ocrx_word' id='word_1_198' title='bbox 801 3062 919 3125; x_wconf 89' lang='lat' dir='ltr'>litteris</span> <span class='ocrx_word' id='word_1_199' title='bbox 958 3061 1120 3125; x_wconf 89' lang='lat' dir='ltr'>communi</span> <span class='ocrx_word' id='word_1_200' title='bbox 1159 3083 1271 3126; x_wconf 89' lang='lat' dir='ltr'>omnes</span> <span class='ocrx_word' id='word_1_201' title='bbox 1305 3082 1459 3125; x_wconf 89' lang='lat' dir='ltr'>consensu</span> 
     </span>
     <span class='ocr_line' id='line_1_27' title="bbox 313 3165 1459 3252; baseline 0 -22"><span class='ocrx_word' id='word_1_202' title='bbox 313 3168 476 3249; x_wconf 89' lang='lat' dir='ltr'>deferunt,</span> <span class='ocrx_word' id='word_1_203' title='bbox 504 3168 700 3232; x_wconf 86' lang='lat' dir='ltr'>nobilissimi</span> <span class='ocrx_word' id='word_1_204' title='bbox 729 3167 936 3252; x_wconf 89' lang='lat' dir='ltr'>eiusdemque</span> <span class='ocrx_word' id='word_1_205' title='bbox 963 3167 1191 3232; x_wconf 87' lang='lat' dir='ltr'>humanissimi</span> <span class='ocrx_word' id='word_1_206' title='bbox 1221 3165 1360 3232; x_wconf 82' lang='lat' dir='ltr'>Comitis</span> <span class='ocrx_word' id='word_1_207' title='bbox 1386 3167 1459 3230; x_wconf 87' lang='lat' dir='ltr'>Bar·</span> 
     </span>
     <span class='ocr_line' id='line_1_28' title="bbox 313 3274 1459 3359; baseline -0.001 -23"><span class='ocrx_word' id='word_1_208' title='bbox 313 3275 490 3338; x_wconf 88' lang='lat' dir='ltr'>tholomaei</span> <span class='ocrx_word' id='word_1_209' title='bbox 519 3274 692 3359; x_wconf 86' lang='lat' dir='ltr'>Borghesi:</span> <span class='ocrx_word' id='word_1_210' title='bbox 726 3275 814 3339; x_wconf 92' lang='lat' dir='ltr'>cuius</span> <span class='ocrx_word' id='word_1_211' title='bbox 848 3275 932 3357; x_wconf 90' lang='lat' dir='ltr'>qued</span> <span class='ocrx_word' id='word_1_212' title='bbox 962 3275 1100 3338; x_wconf 89' lang='lat' dir='ltr'>aureolis</span> <span class='ocrx_word' id='word_1_213' title='bbox 1130 3275 1324 3358; x_wconf 89' lang='lat' dir='ltr'>quibusdam</span> <span class='ocrx_word' id='word_1_214' title='bbox 1353 3275 1459 3341; x_wconf 85' lang='lat' dir='ltr'>obser·</span> 
     </span>
     <span class='ocr_line' id='line_1_29' title="bbox 312 3381 1459 3465; baseline -0.001 -22"><span class='ocrx_word' id='word_1_215' title='bbox 312 3381 498 3445; x_wconf 74' lang='lat' dir='ltr'>rationibus</span> <span class='ocrx_word' id='word_1_216' title='bbox 527 3383 574 3444; x_wconf 89' lang='lat' dir='ltr'>uti</span> <span class='ocrx_word' id='word_1_217' title='bbox 608 3382 699 3464; x_wconf 92' lang='lat' dir='ltr'>licet,</span> <span class='ocrx_word' id='word_1_218' title='bbox 732 3382 859 3464; x_wconf 87' lang='lat' dir='ltr'>insigne</span> <span class='ocrx_word' id='word_1_219' title='bbox 892 3381 1008 3444; x_wconf 87' lang='lat' dir='ltr'>harum</span> <span class='ocrx_word' id='word_1_220' title='bbox 1040 3404 1120 3465; x_wconf 90' lang='lat' dir='ltr'>quas</span> <span class='ocrx_word' id='word_1_221' title='bbox 1152 3404 1237 3446; x_wconf 90' lang='lat' dir='ltr'>nuno</span> <span class='ocrx_word' id='word_1_222' title='bbox 1269 3384 1459 3447; x_wconf 84' lang='lat' dir='ltr'>incubamus</span> 
     </span>
     <span class='ocr_line' id='line_1_30' title="bbox 313 3487 1074 3570; baseline 0 -20"><span class='ocrx_word' id='word_1_223' title='bbox 313 3489 626 3552; x_wconf 89' lang='lat' dir='ltr'>commentationum</span> <span class='ocrx_word' id='word_1_224' title='bbox 651 3487 747 3551; x_wconf 89' lang='lat' dir='ltr'>decus</span> <span class='ocrx_word' id='word_1_225' title='bbox 773 3487 991 3570; x_wconf 88' lang='lat' dir='ltr'>deputandum</span> <span class='ocrx_word' id='word_1_226' title='bbox 1016 3493 1074 3550; x_wconf 88' lang='lat' dir='ltr'>est.</span> 
     </span>
    </p>

    <p class='ocr_par' dir='ltr' id='par_1_3' title="bbox 311 3593 1461 4106">
     <span class='ocr_line' id='line_1_31' title="bbox 400 3593 1460 3680; baseline -0.001 -23"><span class='ocrx_word' id='word_1_227' title='bbox 400 3594 652 3677; x_wconf 89' lang='lat' dir='ltr'>Inscriptionum</span> <span class='ocrx_word' id='word_1_228' title='bbox 686 3616 702 3656; x_wconf 94' lang='lat' dir='ltr'>e</span> <span class='ocrx_word' id='word_1_229' title='bbox 731 3593 877 3657; x_wconf 80' lang='lat' dir='ltr'>Romano</span> <span class='ocrx_word' id='word_1_230' title='bbox 911 3593 1018 3656; x_wconf 88' lang='lat' dir='ltr'>codice</span> <span class='ocrx_word' id='word_1_231' title='bbox 1053 3616 1072 3656; x_wconf 90' lang='lat' dir='ltr'>a</span> <span class='ocrx_word' id='word_1_232' title='bbox 1104 3594 1199 3658; x_wconf 90' lang='lat' dir='ltr'>nobis</span> <span class='ocrx_word' id='word_1_233' title='bbox 1227 3594 1460 3680; x_wconf 86' lang='lat' dir='ltr'>descriptarum</span> 
     </span>
     <span class='ocr_line' id='line_1_32' title="bbox 311 3699 1461 3785; baseline 0 -22"><span class='ocrx_word' id='word_1_234' title='bbox 311 3723 370 3764; x_wconf 90' lang='lat' dir='ltr'>sua</span> <span class='ocrx_word' id='word_1_235' title='bbox 398 3708 515 3785; x_wconf 89' lang='lat' dir='ltr'>sponte</span> <span class='ocrx_word' id='word_1_236' title='bbox 543 3700 744 3783; x_wconf 88' lang='lat' dir='ltr'>intellegitur</span> <span class='ocrx_word' id='word_1_237' title='bbox 772 3699 854 3763; x_wconf 87' lang='lat' dir='ltr'>alias</span> <span class='ocrx_word' id='word_1_238' title='bbox 883 3700 955 3762; x_wconf 89' lang='lat' dir='ltr'>aliis</span> <span class='ocrx_word' id='word_1_239' title='bbox 984 3699 1264 3764; x_wconf 86' lang='lat' dir='ltr'>memorabiliores</span> <span class='ocrx_word' id='word_1_240' title='bbox 1293 3723 1373 3766; x_wconf 87' lang='lat' dir='ltr'>esse.</span> <span class='ocrx_word' id='word_1_241' title='bbox 1419 3701 1461 3764; x_wconf 90' lang='lat' dir='ltr'>Et</span> 
     </span>
     <span class='ocr_line' id='line_1_33' title="bbox 313 3807 1461 3892; baseline 0.002 -22"><span class='ocrx_word' id='word_1_242' title='bbox 313 3809 430 3871; x_wconf 86' lang='lat' dir='ltr'>eximia</span> <span class='ocrx_word' id='word_1_243' title='bbox 450 3807 579 3892; x_wconf 87' lang='lat' dir='ltr'>quidem</span> <span class='ocrx_word' id='word_1_244' title='bbox 599 3810 728 3889; x_wconf 90' lang='lat' dir='ltr'>praeter</span> <span class='ocrx_word' id='word_1_245' title='bbox 748 3811 869 3870; x_wconf 88' lang='lat' dir='ltr'>ceteras</span> <span class='ocrx_word' id='word_1_246' title='bbox 889 3829 954 3869; x_wconf 87' lang='lat' dir='ltr'>uua</span> <span class='ocrx_word' id='word_1_247' title='bbox 974 3811 1021 3868; x_wconf 88' lang='lat' dir='ltr'>est</span> <span class='ocrx_word' id='word_1_248' title='bbox 1038 3829 1138 3891; x_wconf 87' lang='lat' dir='ltr'>eaque</span> <span class='ocrx_word' id='word_1_249' title='bbox 1153 3807 1297 3872; x_wconf 90' lang='lat' dir='ltr'>omnium</span> <span class='ocrx_word' id='word_1_250' title='bbox 1311 3809 1461 3889; x_wconf 86' lang='lat' dir='ltr'>maxima,</span> 
     </span>
     <span class='ocr_line' id='line_1_34' title="bbox 312 3913 1460 3997; baseline 0.002 -21"><span class='ocrx_word' id='word_1_251' title='bbox 312 3937 393 3997; x_wconf 89' lang='lat' dir='ltr'>quac</span> <span class='ocrx_word' id='word_1_252' title='bbox 422 3937 495 3978; x_wconf 92' lang='lat' dir='ltr'>cum</span> <span class='ocrx_word' id='word_1_253' title='bbox 520 3937 680 3979; x_wconf 88' lang='lat' dir='ltr'>summam</span> <span class='ocrx_word' id='word_1_254' title='bbox 711 3913 893 3997; x_wconf 89' lang='lat' dir='ltr'>argumenti</span> <span class='ocrx_word' id='word_1_255' title='bbox 917 3914 1142 3997; x_wconf 89' lang='lat' dir='ltr'>cognationem</span> <span class='ocrx_word' id='word_1_256' title='bbox 1166 3913 1288 3979; x_wconf 88' lang='lat' dir='ltr'>habeat</span> <span class='ocrx_word' id='word_1_257' title='bbox 1310 3937 1385 3980; x_wconf 89' lang='lat' dir='ltr'>enm</span> <span class='ocrx_word' id='word_1_258' title='bbox 1408 3915 1460 3978; x_wconf 78' lang='lat' dir='ltr'>do</span> 
     </span>
     <span class='ocr_line' id='line_1_35' title="bbox 311 4017 1461 4106; baseline 0.001 -21"><span class='ocrx_word' id='word_1_259' title='bbox 311 4024 455 4086; x_wconf 87' lang='lat' dir='ltr'>nationis</span> <span class='ocrx_word' id='word_1_260' title='bbox 472 4023 688 4086; x_wconf 87' lang='lat' dir='ltr'>instrumento</span> <span class='ocrx_word' id='word_1_261' title='bbox 704 4021 829 4086; x_wconf 86' lang='lat' dir='ltr'>Statiae</span> <span class='ocrx_word' id='word_1_262' title='bbox 848 4020 957 4083; x_wconf 89' lang='lat' dir='ltr'>lrencs</span> <span class='ocrx_word' id='word_1_263' title='bbox 973 4017 1037 4104; x_wconf 77' lang='lat' dir='ltr'>(ap,</span> <span class='ocrx_word' id='word_1_264' title='bbox 1057 4019 1231 4086; x_wconf 85' lang='lat' dir='ltr'>Gruterum</span> <span class='ocrx_word' id='word_1_265' title='bbox 1249 4045 1281 4106; x_wconf 88' lang='lat' dir='ltr'>p.</span> <span class='ocrx_word' id='word_1_266' title='bbox 1303 4023 1400 4106; x_wconf 88' lang='lat'>1081,</span> <span class='ocrx_word' id='word_1_267' title='bbox 1421 4020 1461 4106; x_wconf 89' lang='lat'>1),</span> 
     </span>
    </p>
   </div>
   <div class='ocr_carea' id='block_1_3' title="bbox 311 4149 523 4157">
    <p class='ocr_par' dir='ltr' id='par_1_4' title="bbox 311 4149 523 4157">
     <span class='ocr_line' id='line_1_36' title="bbox 311 4149 523 4157; baseline 0.014 -3"><span class='ocrx_word' id='word_1_268' title='bbox 311 4149 371 4155; x_wconf 85' lang='lat'>—.—</span> <span class='ocrx_word' id='word_1_269' title='bbox 390 4149 461 4156; x_wconf 61' lang='grc' dir='ltr'>.-α’</span> <span class='ocrx_word' id='word_1_270' title='bbox 477 4149 523 4157; x_wconf 77' lang='lat'>--</span> 
     </span>
    </p>
   </div>
   <div class='ocr_carea' id='block_1_4' title="bbox 311 4193 1460 4537">
    <p class='ocr_par' dir='ltr' id='par_1_5' title="bbox 311 4193 1460 4537">
     <span class='ocr_line' id='line_1_37' title="bbox 384 4193 1460 4267; baseline -0.003 -14"><span class='ocrx_word' id='word_1_271' title='bbox 384 4203 409 4253; x_wconf 76' lang='lat' dir='ltr'>*l</span> <span class='ocrx_word' id='word_1_272' title='bbox 431 4199 611 4267; x_wconf 72' lang='lat' dir='ltr'>[asservatur</span> <span class='ocrx_word' id='word_1_273' title='bbox 634 4197 662 4250; x_wconf 92' lang='lat' dir='ltr'>in</span> <span class='ocrx_word' id='word_1_274' title='bbox 687 4195 859 4253; x_wconf 88' lang='lat' dir='ltr'>bibliotheca</span> <span class='ocrx_word' id='word_1_275' title='bbox 879 4195 1075 4250; x_wconf 85' lang='lat' dir='ltr'>Vallicclliana</span> <span class='ocrx_word' id='word_1_276' title='bbox 1093 4197 1205 4250; x_wconf 88' lang='lat' dir='ltr'>notatus</span> <span class='ocrx_word' id='word_1_277' title='bbox 1225 4195 1257 4251; x_wconf 85' lang='lat' dir='ltr'>a.</span> <span class='ocrx_word' id='word_1_278' title='bbox 1276 4204 1320 4252; x_wconf 79' lang='grc'>26.</span> <span class='ocrx_word' id='word_1_279' title='bbox 1340 4197 1403 4265; x_wconf 78' lang='lat' dir='ltr'>rol..</span> <span class='ocrx_word' id='word_1_280' title='bbox 1427 4193 1460 4251; x_wconf 88' lang='lat' dir='ltr'>cf.</span> 
     </span>
     <span class='ocr_line' id='line_1_38' title="bbox 311 4285 1460 4355; baseline -0.003 -14"><span class='ocrx_word' id='word_1_281' title='bbox 311 4287 447 4341; x_wconf 85' lang='lat' dir='ltr'>Huschke</span> <span class='ocrx_word' id='word_1_282' title='bbox 465 4288 483 4341; x_wconf 95' lang='lat' dir='ltr'>l.</span> <span class='ocrx_word' id='word_1_283' title='bbox 504 4287 520 4342; x_wconf 93' lang='lat' dir='ltr'>i.</span> <span class='ocrx_word' id='word_1_284' title='bbox 542 4305 562 4342; x_wconf 88' lang='lat' dir='ltr'>s.</span> <span class='ocrx_word' id='word_1_285' title='bbox 583 4306 609 4355; x_wconf 89' lang='lat' dir='ltr'>p.</span> <span class='ocrx_word' id='word_1_286' title='bbox 630 4293 653 4339; x_wconf 78' lang='lat'>2.</span> <span class='ocrx_word' id='word_1_287' title='bbox 670 4285 802 4340; x_wconf 89' lang='lat' dir='ltr'>Continet</span> <span class='ocrx_word' id='word_1_288' title='bbox 820 4287 949 4339; x_wconf 86' lang='lat' dir='ltr'>illc-ut</span> <span class='ocrx_word' id='word_1_289' title='bbox 968 4304 1040 4340; x_wconf 90' lang='lat' dir='ltr'>nunc</span> <span class='ocrx_word' id='word_1_290' title='bbox 1059 4286 1334 4340; x_wconf 79' lang='lat' dir='ltr'>constat-schedas</span> <span class='ocrx_word' id='word_1_291' title='bbox 1350 4285 1460 4340; x_wconf 76' lang='lat' dir='ltr'>loannis</span> 
     </span>
     <span class='ocr_line' id='line_1_39' title="bbox 311 4374 1460 4444; baseline -0.003 -14"><span class='ocrx_word' id='word_1_292' title='bbox 311 4376 448 4430; x_wconf 78' lang='lat' dir='ltr'>Zuratinii</span> <span class='ocrx_word' id='word_1_293' title='bbox 464 4375 621 4430; x_wconf 87' lang='lat' dir='ltr'>Castelliuii</span> <span class='ocrx_word' id='word_1_294' title='bbox 635 4375 793 4441; x_wconf 83' lang='lat' dir='ltr'>Ferentini,</span> <span class='ocrx_word' id='word_1_295' title='bbox 808 4377 842 4429; x_wconf 92' lang='lat' dir='ltr'>de</span> <span class='ocrx_word' id='word_1_296' title='bbox 857 4394 912 4444; x_wconf 86' lang='lat' dir='ltr'>quo</span> <span class='ocrx_word' id='word_1_297' title='bbox 927 4374 991 4428; x_wconf 85' lang='lat' dir='ltr'>vide</span> <span class='ocrx_word' id='word_1_298' title='bbox 1006 4374 1219 4429; x_wconf 74' lang='lat' dir='ltr'>&#39;l&#39;irabosehium</span> <span class='ocrx_word' id='word_1_299' title='bbox 1233 4375 1307 4432; x_wconf 73' lang='lat' dir='ltr'>Stet.</span> <span class='ocrx_word' id='word_1_300' title='bbox 1317 4377 1372 4432; x_wconf 76' lang='lat' dir='ltr'>lea.</span> <span class='ocrx_word' id='word_1_301' title='bbox 1386 4375 1433 4430; x_wconf 89' lang='lat' dir='ltr'>VI</span> <span class='ocrx_word' id='word_1_302' title='bbox 1435 4375 1460 4440; x_wconf 74' lang='lat'>1,</span> 
     </span>
     <span class='ocr_line' id='line_1_40' title="bbox 312 4463 1459 4537; baseline -0.003 -17"><span class='ocrx_word' id='word_1_303' title='bbox 312 4475 324 4520; x_wconf 90' lang='lat'>1</span> <span class='ocrx_word' id='word_1_304' title='bbox 342 4483 367 4537; x_wconf 87' lang='lat' dir='ltr'>p.</span> <span class='ocrx_word' id='word_1_305' title='bbox 384 4473 435 4520; x_wconf 75' lang='lat'>‘228</span> <span class='ocrx_word' id='word_1_306' title='bbox 452 4469 480 4520; x_wconf 90' lang='lat' dir='ltr'>ct</span> <span class='ocrx_word' id='word_1_307' title='bbox 495 4465 654 4520; x_wconf 87' lang='lat' dir='ltr'>llenzenum</span> <span class='ocrx_word' id='word_1_308' title='bbox 672 4466 699 4519; x_wconf 95' lang='lat' dir='ltr'>in</span> <span class='ocrx_word' id='word_1_309' title='bbox 716 4465 806 4519; x_wconf 89' lang='lat' dir='ltr'>indice</span> <span class='ocrx_word' id='word_1_310' title='bbox 822 4469 967 4519; x_wconf 87' lang='lat' dir='ltr'>auctorum</span> <span class='ocrx_word' id='word_1_311' title='bbox 980 4464 1007 4518; x_wconf 85' lang='lat' dir='ltr'>C.</span> <span class='ocrx_word' id='word_1_312' title='bbox 1023 4464 1043 4516; x_wconf 91' lang='lat' dir='ltr'>l.</span> <span class='ocrx_word' id='word_1_313' title='bbox 1059 4465 1089 4516; x_wconf 91' lang='lat' dir='ltr'>L.</span> <span class='ocrx_word' id='word_1_314' title='bbox 1106 4464 1152 4532; x_wconf 90' lang='lat' dir='ltr'>Vl,</span> <span class='ocrx_word' id='word_1_315' title='bbox 1168 4470 1181 4517; x_wconf 90' lang='lat'>1</span> <span class='ocrx_word' id='word_1_316' title='bbox 1198 4483 1225 4534; x_wconf 91' lang='lat' dir='ltr'>p.</span> <span class='ocrx_word' id='word_1_317' title='bbox 1240 4465 1337 4519; x_wconf 89' lang='lat' dir='ltr'>LVlll.</span> <span class='ocrx_word' id='word_1_318' title='bbox 1366 4463 1459 4536; x_wconf 82' lang='lat' dir='ltr'>C.W.]</span> 
     </span>
    </p>
   </div>
   <div class='ocr_carea' id='block_1_5' title="bbox 0 0 1561 5142">
    <p class='ocr_par' dir='ltr' id='par_1_6' title="bbox 0 0 1561 5142">
     <span class='ocr_line' id='line_1_41' title="bbox 0 0 1561 5142; baseline 0 0"><span class='ocrx_word' id='word_1_319' title='bbox 0 0 1561 5142; x_wconf 95' lang='lat' dir='ltr'> </span> 
     </span>
    </p>
   </div>
  </div>
 </body>
</html>
