<?xml version="1.0" encoding="UTF-8"?>
<!DOCTYPE html PUBLIC "-//W3C//DTD XHTML 1.0 Transitional//EN"
    "http://www.w3.org/TR/xhtml1/DTD/xhtml1-transitional.dtd">
<html xmlns="http://www.w3.org/1999/xhtml" xml:lang="en" lang="en">
 <head>
  <title>
</title>
<meta http-equiv="Content-Type" content="text/html;charset=utf-8" />
  <meta name='ocr-system' content='tesseract 3.04.00' />
  <meta name='ocr-capabilities' content='ocr_page ocr_carea ocr_par ocr_line ocrx_word'/>
</head>
<body>
  <div class='ocr_page' id='page_1' title='image "./fridericiritsch03ritsgoog_0600.png"; bbox 0 0 2972 5120; ppageno 0'>
   <div class='ocr_carea' id='block_1_1' title="bbox 418 360 1158 428">
    <p class='ocr_par' dir='ltr' id='par_1_1' title="bbox 418 360 1158 428">
     <span class='ocr_line' id='line_1_1' title="bbox 418 360 1158 428; baseline -0.005 0"><span class='ocrx_word' id='word_1_1' title='bbox 418 377 698 428; x_wconf 71' lang='lat' dir='ltr'>aversanus-nvn</span> <span class='ocrx_word' id='word_1_2' title='bbox 723 379 754 426; x_wconf 93' lang='lat' dir='ltr'>v.</span> <span class='ocrx_word' id='word_1_3' title='bbox 1094 360 1158 424; x_wconf 81' lang='lat'>563</span> 
     </span>
    </p>
   </div>
   <div class='ocr_carea' id='block_1_2' title="bbox 27 521 1212 4432">
    <p class='ocr_par' dir='ltr' id='par_1_2' title="bbox 27 521 1212 4432">
     <span class='ocr_line' id='line_1_2' title="bbox 39 521 1159 608; baseline -0.001 -22"><span class='ocrx_word' id='word_1_4' title='bbox 39 521 109 606; x_wconf 90' lang='lat' dir='ltr'>quod</span> <span class='ocrx_word' id='word_1_5' title='bbox 130 523 254 606; x_wconf 86' lang='lat' dir='ltr'>attinet,</span> <span class='ocrx_word' id='word_1_6' title='bbox 276 545 341 589; x_wconf 93' lang='lat' dir='ltr'>non</span> <span class='ocrx_word' id='word_1_7' title='bbox 359 545 454 608; x_wconf 87' lang='lat' dir='ltr'>posse</span> <span class='ocrx_word' id='word_1_8' title='bbox 473 545 545 588; x_wconf 90' lang='lat' dir='ltr'>cum</span> <span class='ocrx_word' id='word_1_9' title='bbox 564 523 759 608; x_wconf 88' lang='lat' dir='ltr'>quibusdam</span> <span class='ocrx_word' id='word_1_10' title='bbox 778 523 817 588; x_wconf 88' lang='lat' dir='ltr'>de</span> <span class='ocrx_word' id='word_1_11' title='bbox 837 523 946 606; x_wconf 91' lang='lat' dir='ltr'>aliquo</span> <span class='ocrx_word' id='word_1_12' title='bbox 967 524 1159 606; x_wconf 79' lang='lat' dir='ltr'>argumento</span> 
     </span>
     <span class='ocr_line' id='line_1_3' title="bbox 37 628 1160 716; baseline 0.001 -24"><span class='ocrx_word' id='word_1_13' title='bbox 37 631 234 716; x_wconf 79' lang='lat' dir='ltr'>mythologice</span> <span class='ocrx_word' id='word_1_14' title='bbox 254 629 404 714; x_wconf 83' lang='lat' dir='ltr'>cogitari,</span> <span class='ocrx_word' id='word_1_15' title='bbox 427 630 517 695; x_wconf 91' lang='lat' dir='ltr'>velut</span> <span class='ocrx_word' id='word_1_16' title='bbox 542 629 581 694; x_wconf 90' lang='lat' dir='ltr'>de</span> <span class='ocrx_word' id='word_1_17' title='bbox 600 631 771 696; x_wconf 87' lang='lat' dir='ltr'>venatione</span> <span class='ocrx_word' id='word_1_18' title='bbox 786 628 975 714; x_wconf 79' lang='lat' dir='ltr'>Calydonia,</span> <span class='ocrx_word' id='word_1_19' title='bbox 998 629 1036 693; x_wconf 89' lang='lat' dir='ltr'>de</span> <span class='ocrx_word' id='word_1_20' title='bbox 1055 633 1160 694; x_wconf 88' lang='lat' dir='ltr'>morte</span> 
     </span>
     <span class='ocr_line' id='line_1_4' title="bbox 36 735 1161 823; baseline 0 -24"><span class='ocrx_word' id='word_1_21' title='bbox 36 736 172 822; x_wconf 76' lang='lat' dir='ltr'><strong>Patrocli,</strong></span> <span class='ocrx_word' id='word_1_22' title='bbox 203 738 242 801; x_wconf 93' lang='lat' dir='ltr'>de</span> <span class='ocrx_word' id='word_1_23' title='bbox 274 757 384 823; x_wconf 80' lang='lat' dir='ltr'>pugna</span> <span class='ocrx_word' id='word_1_24' title='bbox 411 736 627 821; x_wconf 85' lang='lat' dir='ltr'>Amazonum,</span> <span class='ocrx_word' id='word_1_25' title='bbox 659 737 716 802; x_wconf 88' lang='lat' dir='ltr'>sed</span> <span class='ocrx_word' id='word_1_26' title='bbox 749 736 916 802; x_wconf 82' lang='lat' dir='ltr'>indubiam</span> <span class='ocrx_word' id='word_1_27' title='bbox 949 735 1161 800; x_wconf 75' lang='lat' dir='ltr'>certaminum</span> 
     </span>
     <span class='ocr_line' id='line_1_5' title="bbox 35 841 1160 928; baseline 0 -22"><span class='ocrx_word' id='word_1_28' title='bbox 35 843 205 908; x_wconf 82' lang='lat' dir='ltr'>militarium</span> <span class='ocrx_word' id='word_1_29' title='bbox 220 845 551 928; x_wconf 75' lang='lat' dir='ltr'>repraesentationem</span> <span class='ocrx_word' id='word_1_30' title='bbox 566 865 649 910; x_wconf 89' lang='lat' dir='ltr'>esse:</span> <span class='ocrx_word' id='word_1_31' title='bbox 668 848 829 911; x_wconf 88' lang='lat' dir='ltr'>certarum</span> <span class='ocrx_word' id='word_1_32' title='bbox 843 847 954 908; x_wconf 89' lang='lat' dir='ltr'>tamen</span> <span class='ocrx_word' id='word_1_33' title='bbox 972 841 1023 908; x_wconf 90' lang='lat' dir='ltr'>vel</span> <span class='ocrx_word' id='word_1_34' title='bbox 1038 861 1160 926; x_wconf 82' lang='lat' dir='ltr'>pugna-</span> 
     </span>
     <span class='ocr_line' id='line_1_6' title="bbox 34 948 1161 1036; baseline 0.002 -24"><span class='ocrx_word' id='word_1_35' title='bbox 34 970 93 1012; x_wconf 91' lang='lat' dir='ltr'>rum</span> <span class='ocrx_word' id='word_1_36' title='bbox 119 949 166 1014; x_wconf 90' lang='lat' dir='ltr'>vel</span> <span class='ocrx_word' id='word_1_37' title='bbox 193 971 419 1034; x_wconf 84' lang='lat' dir='ltr'>personarum,</span> <span class='ocrx_word' id='word_1_38' title='bbox 451 951 485 1015; x_wconf 93' lang='lat' dir='ltr'>in</span> <span class='ocrx_word' id='word_1_39' title='bbox 514 950 663 1036; x_wconf 81' lang='lat' dir='ltr'>qualibus</span> <span class='ocrx_word' id='word_1_40' title='bbox 691 949 973 1016; x_wconf 81' lang='lat' dir='ltr'>comminiscendis</span> <span class='ocrx_word' id='word_1_41' title='bbox 1002 948 1161 1014; x_wconf 87' lang='lat' dir='ltr'>adornan-</span> 
     </span>
     <span class='ocr_line' id='line_1_7' title="bbox 34 1055 1161 1138; baseline 0.001 -20"><span class='ocrx_word' id='word_1_42' title='bbox 34 1055 130 1138; x_wconf 84' lang='lat' dir='ltr'>disque</span> <span class='ocrx_word' id='word_1_43' title='bbox 160 1058 235 1138; x_wconf 90' lang='lat' dir='ltr'>post</span> <span class='ocrx_word' id='word_1_44' title='bbox 266 1055 349 1123; x_wconf 86' lang='lat' dir='ltr'>alios</span> <span class='ocrx_word' id='word_1_45' title='bbox 382 1057 504 1122; x_wconf 90' lang='lat' dir='ltr'>multus</span> <span class='ocrx_word' id='word_1_46' title='bbox 536 1056 599 1122; x_wconf 84' lang='lat' dir='ltr'>fuit</span> <span class='ocrx_word' id='word_1_47' title='bbox 626 1055 800 1122; x_wconf 83' lang='lat' dir='ltr'>Molossius</span> <span class='ocrx_word' id='word_1_48' title='bbox 829 1055 1046 1122; x_wconf 88' lang='lat' dir='ltr'>aMerimaeo</span> <span class='ocrx_word' id='word_1_49' title='bbox 1074 1077 1161 1120; x_wconf 92' lang='lat' dir='ltr'>com-</span> 
     </span>
     <span class='ocr_line' id='line_1_8' title="bbox 34 1160 1161 1247; baseline 0.003 -25"><span class='ocrx_word' id='word_1_50' title='bbox 34 1165 223 1246; x_wconf 82' lang='lat' dir='ltr'>memoratus,</span> <span class='ocrx_word' id='word_1_51' title='bbox 256 1163 394 1228; x_wconf 89' lang='lat' dir='ltr'>certiora</span> <span class='ocrx_word' id='word_1_52' title='bbox 424 1163 544 1230; x_wconf 88' lang='lat' dir='ltr'>indicia</span> <span class='ocrx_word' id='word_1_53' title='bbox 572 1185 644 1239; x_wconf 29' lang='lat' dir='ltr'>esse·</span> <span class='ocrx_word' id='word_1_54' title='bbox 669 1163 767 1228; x_wconf 85' lang='lat' dir='ltr'>nulla</span> <span class='ocrx_word' id='word_1_55' title='bbox 812 1162 926 1247; x_wconf 88' lang='lat' dir='ltr'>Itaque</span> <span class='ocrx_word' id='word_1_56' title='bbox 950 1162 1011 1228; x_wconf 90' lang='lat' dir='ltr'>etsi</span> <span class='ocrx_word' id='word_1_57' title='bbox 1035 1160 1161 1226; x_wconf 91' lang='lat' dir='ltr'>somnia</span> 
     </span>
     <span class='ocr_line' id='line_1_9' title="bbox 33 1266 1161 1354; baseline 0.002 -24"><span class='ocrx_word' id='word_1_58' title='bbox 33 1271 95 1332; x_wconf 89' lang='lat' dir='ltr'>sunt</span> <span class='ocrx_word' id='word_1_59' title='bbox 115 1269 231 1352; x_wconf 91' lang='lat' dir='ltr'>quibus</span> <span class='ocrx_word' id='word_1_60' title='bbox 256 1267 430 1334; x_wconf 83' lang='lat' dir='ltr'>Molossius</span> <span class='ocrx_word' id='word_1_61' title='bbox 454 1269 557 1354; x_wconf 88' lang='lat' dir='ltr'>ipsius</span> <span class='ocrx_word' id='word_1_62' title='bbox 582 1267 617 1334; x_wconf 82' lang='grc' dir='ltr'>Ο.</span> <span class='ocrx_word' id='word_1_63' title='bbox 637 1267 787 1334; x_wconf 82' lang='lat' dir='ltr'>(lassaris</span> <span class='ocrx_word' id='word_1_64' title='bbox 811 1269 981 1336; x_wconf 87' lang='lat' dir='ltr'>dictatoris</span> <span class='ocrx_word' id='word_1_65' title='bbox 1005 1269 1043 1334; x_wconf 88' lang='lat' dir='ltr'>de</span> <span class='ocrx_word' id='word_1_66' title='bbox 1066 1266 1161 1332; x_wconf 78' lang='lat' dir='ltr'>Ario-</span> 
     </span>
     <span class='ocr_line' id='line_1_10' title="bbox 32 1373 1161 1461; baseline 0.004 -25"><span class='ocrx_word' id='word_1_67' title='bbox 32 1373 104 1438; x_wconf 76' lang='lat' dir='ltr'>visto</span> <span class='ocrx_word' id='word_1_68' title='bbox 125 1375 338 1461; x_wconf 86' lang='lat' dir='ltr'>triumphum,</span> <span class='ocrx_word' id='word_1_69' title='bbox 368 1375 492 1440; x_wconf 85' lang='lat' dir='ltr'>cladem</span> <span class='ocrx_word' id='word_1_70' title='bbox 515 1374 731 1458; x_wconf 82' lang='lat' dir='ltr'>Allobrogum</span> <span class='ocrx_word' id='word_1_71' title='bbox 760 1379 952 1458; x_wconf 90' lang='lat' dir='ltr'>captamque</span> <span class='ocrx_word' id='word_1_72' title='bbox 975 1373 1077 1440; x_wconf 89' lang='lat' dir='ltr'>filiam</span> <span class='ocrx_word' id='word_1_73' title='bbox 1101 1373 1161 1440; x_wconf 89' lang='lat' dir='ltr'>Or-</span> 
     </span>
     <span class='ocr_line' id='line_1_11' title="bbox 32 1479 1160 1566; baseline 0.003 -24"><span class='ocrx_word' id='word_1_74' title='bbox 32 1479 180 1564; x_wconf 85' lang='lat' dir='ltr'>getoricis,</span> <span class='ocrx_word' id='word_1_75' title='bbox 203 1483 341 1546; x_wconf 88' lang='lat' dir='ltr'>mortem</span> <span class='ocrx_word' id='word_1_76' title='bbox 357 1479 569 1566; x_wconf 82' lang='lat' dir='ltr'>Camulogeni</span> <span class='ocrx_word' id='word_1_77' title='bbox 590 1481 691 1546; x_wconf 88' lang='lat' dir='ltr'>menti</span> <span class='ocrx_word' id='word_1_78' title='bbox 715 1502 792 1546; x_wconf 87' lang='lat' dir='ltr'>suae</span> <span class='ocrx_word' id='word_1_79' title='bbox 815 1481 1004 1546; x_wconf 80' lang='lat' dir='ltr'>informavit</span> <span class='ocrx_word' id='word_1_80' title='bbox 1026 1485 1063 1545; x_wconf 91' lang='lat' dir='ltr'>ut</span> <span class='ocrx_word' id='word_1_81' title='bbox 1086 1502 1160 1545; x_wconf 93' lang='lat' dir='ltr'>ana-</span> 
     </span>
     <span class='ocr_line' id='line_1_12' title="bbox 30 1585 1161 1673; baseline 0.002 -25"><span class='ocrx_word' id='word_1_82' title='bbox 30 1585 138 1669; x_wconf 83' lang='lat' dir='ltr'>glypho</span> <span class='ocrx_word' id='word_1_83' title='bbox 171 1609 267 1673; x_wconf 87' lang='lat' dir='ltr'>opere</span> <span class='ocrx_word' id='word_1_84' title='bbox 300 1609 468 1672; x_wconf 82' lang='lat' dir='ltr'>expressa,</span> <span class='ocrx_word' id='word_1_85' title='bbox 504 1591 615 1652; x_wconf 87' lang='lat' dir='ltr'>tamen</span> <span class='ocrx_word' id='word_1_86' title='bbox 651 1590 780 1652; x_wconf 85' lang='lat' dir='ltr'>tautum</span> <span class='ocrx_word' id='word_1_87' title='bbox 817 1609 889 1652; x_wconf 91' lang='lat' dir='ltr'>esse</span> <span class='ocrx_word' id='word_1_88' title='bbox 926 1585 1161 1651; x_wconf 89' lang='lat' dir='ltr'>concedendum</span> 
     </span>
     <span class='ocr_line' id='line_1_13' title="bbox 31 1691 1161 1780; baseline 0.001 -25"><span class='ocrx_word' id='word_1_89' title='bbox 31 1693 147 1778; x_wconf 86' lang='lat' dir='ltr'>videtur,</span> <span class='ocrx_word' id='word_1_90' title='bbox 170 1717 284 1780; x_wconf 86' lang='lat' dir='ltr'>reapse</span> <span class='ocrx_word' id='word_1_91' title='bbox 308 1698 457 1778; x_wconf 88' lang='lat' dir='ltr'>spectare</span> <span class='ocrx_word' id='word_1_92' title='bbox 473 1693 555 1758; x_wconf 88' lang='lat' dir='ltr'>haee</span> <span class='ocrx_word' id='word_1_93' title='bbox 574 1693 760 1778; x_wconf 80' lang='lat' dir='ltr'>anaglypha</span> <span class='ocrx_word' id='word_1_94' title='bbox 780 1692 821 1758; x_wconf 88' lang='lat' dir='ltr'>ad</span> <span class='ocrx_word' id='word_1_95' title='bbox 835 1692 1066 1776; x_wconf 88' lang='lat' dir='ltr'>Romanorum,</span> <span class='ocrx_word' id='word_1_96' title='bbox 1085 1691 1161 1756; x_wconf 85' lang='lat' dir='ltr'>Gal-</span> 
     </span>
     <span class='ocr_line' id='line_1_14' title="bbox 30 1797 1161 1885; baseline 0.004 -25"><span class='ocrx_word' id='word_1_97' title='bbox 30 1797 128 1884; x_wconf 87' lang='lat' dir='ltr'>lorum,</span> <span class='ocrx_word' id='word_1_98' title='bbox 150 1801 289 1868; x_wconf 86' lang='lat' dir='ltr'>aliorum</span> <span class='ocrx_word' id='word_1_99' title='bbox 312 1801 450 1867; x_wconf 84' lang='lat' dir='ltr'>fortasse</span> <span class='ocrx_word' id='word_1_100' title='bbox 468 1801 683 1866; x_wconf 85' lang='lat' dir='ltr'>barbarorum</span> <span class='ocrx_word' id='word_1_101' title='bbox 703 1801 813 1885; x_wconf 86' lang='lat' dir='ltr'>aliqua</span> <span class='ocrx_word' id='word_1_102' title='bbox 831 1799 1018 1884; x_wconf 87' lang='lat' dir='ltr'>certamina,</span> <span class='ocrx_word' id='word_1_103' title='bbox 1041 1800 1074 1864; x_wconf 92' lang='lat' dir='ltr'>in</span> <span class='ocrx_word' id='word_1_104' title='bbox 1093 1801 1161 1884; x_wconf 90' lang='lat' dir='ltr'>qui·</span> 
     </span>
     <span class='ocr_line' id='line_1_15' title="bbox 29 1903 1162 1990; baseline 0.001 -22"><span class='ocrx_word' id='word_1_105' title='bbox 29 1905 79 1970; x_wconf 90' lang='lat' dir='ltr'>bus</span> <span class='ocrx_word' id='word_1_106' title='bbox 99 1911 204 1972; x_wconf 86' lang='lat' dir='ltr'>certae</span> <span class='ocrx_word' id='word_1_107' title='bbox 227 1911 338 1990; x_wconf 90' lang='lat' dir='ltr'>partes</span> <span class='ocrx_word' id='word_1_108' title='bbox 362 1907 483 1972; x_wconf 82' lang='lat' dir='ltr'>luerint</span> <span class='ocrx_word' id='word_1_109' title='bbox 510 1911 543 1971; x_wconf 92' lang='lat' dir='ltr'>et</span> <span class='ocrx_word' id='word_1_110' title='bbox 572 1909 609 1972; x_wconf 96' lang='lat' dir='ltr'>ut</span> <span class='ocrx_word' id='word_1_111' title='bbox 632 1906 760 1971; x_wconf 87' lang='lat' dir='ltr'>videtur</span> <span class='ocrx_word' id='word_1_112' title='bbox 784 1907 1011 1972; x_wconf 87' lang='lat' dir='ltr'>eminentiores</span> <span class='ocrx_word' id='word_1_113' title='bbox 1035 1905 1103 1970; x_wconf 87' lang='lat' dir='ltr'>eius</span> <span class='ocrx_word' id='word_1_114' title='bbox 1127 1903 1162 1970; x_wconf 82' lang='grc' dir='ltr'>Ο.</span> 
     </span>
     <span class='ocr_line' id='line_1_16' title="bbox 28 2009 1162 2097; baseline 0.003 -25"><span class='ocrx_word' id='word_1_115' title='bbox 28 2009 121 2096; x_wconf 91' lang='lat' dir='ltr'>lulii,</span> <span class='ocrx_word' id='word_1_116' title='bbox 156 2013 248 2079; x_wconf 90' lang='lat' dir='ltr'>cuius</span> <span class='ocrx_word' id='word_1_117' title='bbox 281 2013 478 2080; x_wconf 88' lang='lat' dir='ltr'>honorificae</span> <span class='ocrx_word' id='word_1_118' title='bbox 511 2014 686 2079; x_wconf 88' lang='lat' dir='ltr'>memoriae</span> <span class='ocrx_word' id='word_1_119' title='bbox 718 2014 807 2079; x_wconf 89' lang='lat' dir='ltr'>lauto</span> <span class='ocrx_word' id='word_1_120' title='bbox 837 2013 1081 2097; x_wconf 80' lang='lat' dir='ltr'>luculenterque</span> <span class='ocrx_word' id='word_1_121' title='bbox 1109 2033 1162 2076; x_wconf 84' lang='lat' dir='ltr'>ex·</span> 
     </span>
     <span class='ocr_line' id='line_1_17' title="bbox 29 2117 1161 2186; baseline 0.004 -6"><span class='ocrx_word' id='word_1_122' title='bbox 29 2122 173 2184; x_wconf 87' lang='lat' dir='ltr'>structum</span> <span class='ocrx_word' id='word_1_123' title='bbox 196 2124 443 2185; x_wconf 90' lang='lat' dir='ltr'>monumentum</span> <span class='ocrx_word' id='word_1_124' title='bbox 467 2117 584 2186; x_wconf 85' lang='lat' dir='ltr'>Sextus</span> <span class='ocrx_word' id='word_1_125' title='bbox 607 2119 724 2185; x_wconf 88' lang='lat' dir='ltr'>Lucius</span> <span class='ocrx_word' id='word_1_126' title='bbox 749 2119 878 2186; x_wconf 87' lang='lat' dir='ltr'>Marcus</span> <span class='ocrx_word' id='word_1_127' title='bbox 907 2119 966 2186; x_wconf 89' lang='lat' dir='ltr'>filii</span> <span class='ocrx_word' id='word_1_128' title='bbox 996 2141 1161 2184; x_wconf 88' lang='lat' dir='ltr'>conseera-</span> 
     </span>
     <span class='ocr_line' id='line_1_18' title="bbox 29 2225 1162 2310; baseline 0.002 -22"><span class='ocrx_word' id='word_1_129' title='bbox 29 2230 100 2290; x_wconf 85' lang='lat' dir='ltr'>runt</span> <span class='ocrx_word' id='word_1_130' title='bbox 137 2225 238 2293; x_wconf 82' lang='lat' dir='ltr'>Cuius</span> <span class='ocrx_word' id='word_1_131' title='bbox 263 2225 299 2294; x_wconf 81' lang='lat' dir='ltr'>(l.</span> <span class='ocrx_word' id='word_1_132' title='bbox 316 2227 391 2292; x_wconf 90' lang='lat' dir='ltr'>Iulii</span> <span class='ocrx_word' id='word_1_133' title='bbox 416 2225 589 2292; x_wconf 89' lang='lat' dir='ltr'>dolendum</span> <span class='ocrx_word' id='word_1_134' title='bbox 613 2231 663 2292; x_wconf 92' lang='lat' dir='ltr'>est</span> <span class='ocrx_word' id='word_1_135' title='bbox 686 2249 762 2293; x_wconf 88' lang='lat' dir='ltr'>sane</span> <span class='ocrx_word' id='word_1_136' title='bbox 785 2249 825 2292; x_wconf 94' lang='lat' dir='ltr'>ne</span> <span class='ocrx_word' id='word_1_137' title='bbox 849 2225 1073 2292; x_wconf 88' lang='lat' dir='ltr'>tenuissimam</span> <span class='ocrx_word' id='word_1_138' title='bbox 1092 2225 1162 2310; x_wconf 90' lang='lat' dir='ltr'>qui-</span> 
     </span>
     <span class='ocr_line' id='line_1_19' title="bbox 29 2331 1163 2418; baseline 0.002 -24"><span class='ocrx_word' id='word_1_139' title='bbox 29 2331 89 2396; x_wconf 88' lang='lat' dir='ltr'>dem</span> <span class='ocrx_word' id='word_1_140' title='bbox 110 2333 300 2399; x_wconf 89' lang='lat' dir='ltr'>memoriam</span> <span class='ocrx_word' id='word_1_141' title='bbox 323 2355 429 2398; x_wconf 88' lang='lat' dir='ltr'>rerum</span> <span class='ocrx_word' id='word_1_142' title='bbox 453 2334 629 2418; x_wconf 86' lang='lat' dir='ltr'>scriptores</span> <span class='ocrx_word' id='word_1_143' title='bbox 652 2355 790 2399; x_wconf 85' lang='lat' dir='ltr'>servare.</span> <span class='ocrx_word' id='word_1_144' title='bbox 823 2334 944 2411; x_wconf 86' lang='lat' dir='ltr'>Quodsi</span> <span class='ocrx_word' id='word_1_145' title='bbox 964 2333 1037 2418; x_wconf 89' lang='lat' dir='ltr'>quis</span> <span class='ocrx_word' id='word_1_146' title='bbox 1055 2332 1163 2415; x_wconf 84' lang='lat' dir='ltr'>fuerit,</span> 
     </span>
     <span class='ocr_line' id='line_1_20' title="bbox 29 2435 1165 2526; baseline 0.004 -26"><span class='ocrx_word' id='word_1_147' title='bbox 29 2435 129 2518; x_wconf 88' lang='lat' dir='ltr'>quibus</span> <span class='ocrx_word' id='word_1_148' title='bbox 152 2439 333 2506; x_wconf 90' lang='lat' dir='ltr'>honoribus</span> <span class='ocrx_word' id='word_1_149' title='bbox 355 2439 495 2526; x_wconf 85' lang='lat' dir='ltr'>iunctus,</span> <span class='ocrx_word' id='word_1_150' title='bbox 514 2463 578 2525; x_wconf 89' lang='lat' dir='ltr'>qua</span> <span class='ocrx_word' id='word_1_151' title='bbox 596 2441 716 2506; x_wconf 89' lang='lat' dir='ltr'>virtute</span> <span class='ocrx_word' id='word_1_152' title='bbox 735 2439 872 2526; x_wconf 81' lang='lat' dir='ltr'>insignis</span> <span class='ocrx_word' id='word_1_153' title='bbox 891 2461 995 2526; x_wconf 91' lang='lat' dir='ltr'>quove</span> <span class='ocrx_word' id='word_1_154' title='bbox 1013 2461 1165 2504; x_wconf 89' lang='lat' dir='ltr'>successu</span> 
     </span>
     <span class='ocr_line' id='line_1_21' title="bbox 29 2541 1162 2633; baseline 0.005 -29"><span class='ocrx_word' id='word_1_155' title='bbox 29 2541 134 2630; x_wconf 84' lang='lat' dir='ltr'>clarus,</span> <span class='ocrx_word' id='word_1_156' title='bbox 164 2568 207 2612; x_wconf 90' lang='lat' dir='ltr'>ne</span> <span class='ocrx_word' id='word_1_157' title='bbox 231 2546 331 2612; x_wconf 88' lang='lat' dir='ltr'>verbo</span> <span class='ocrx_word' id='word_1_158' title='bbox 355 2547 484 2633; x_wconf 90' lang='lat' dir='ltr'>quidem</span> <span class='ocrx_word' id='word_1_159' title='bbox 512 2547 642 2631; x_wconf 92' lang='lat' dir='ltr'>inipso</span> <span class='ocrx_word' id='word_1_160' title='bbox 670 2545 768 2611; x_wconf 87' lang='lat' dir='ltr'>titulo</span> <span class='ocrx_word' id='word_1_161' title='bbox 796 2545 1013 2632; x_wconf 76' lang='lat' dir='ltr'>significatum</span> <span class='ocrx_word' id='word_1_162' title='bbox 1037 2545 1162 2626; x_wconf 84' lang='lat' dir='ltr'>mirere,</span> 
     </span>
     <span class='ocr_line' id='line_1_22' title="bbox 29 2647 1162 2738; baseline 0.004 -27"><span class='ocrx_word' id='word_1_163' title='bbox 29 2647 101 2714; x_wconf 89' lang='lat' dir='ltr'>haud</span> <span class='ocrx_word' id='word_1_164' title='bbox 124 2653 190 2719; x_wconf 85' lang='lat' dir='ltr'>scio</span> <span class='ocrx_word' id='word_1_165' title='bbox 215 2675 258 2718; x_wconf 89' lang='lat' dir='ltr'>an</span> <span class='ocrx_word' id='word_1_166' title='bbox 282 2659 333 2719; x_wconf 89' lang='lat' dir='ltr'>sat</span> <span class='ocrx_word' id='word_1_167' title='bbox 356 2655 519 2738; x_wconf 85' lang='lat' dir='ltr'>probabili</span> <span class='ocrx_word' id='word_1_168' title='bbox 543 2654 730 2720; x_wconf 88' lang='lat' dir='ltr'>coniectura</span> <span class='ocrx_word' id='word_1_169' title='bbox 747 2651 935 2737; x_wconf 87' lang='lat' dir='ltr'>responderi</span> <span class='ocrx_word' id='word_1_170' title='bbox 953 2652 1068 2737; x_wconf 84' lang='lat' dir='ltr'>possit</span> <span class='ocrx_word' id='word_1_171' title='bbox 1102 2650 1162 2716; x_wconf 84' lang='lat' dir='ltr'>Ar·</span> 
     </span>
     <span class='ocr_line' id='line_1_23' title="bbox 29 2757 1161 2844; baseline 0.004 -27"><span class='ocrx_word' id='word_1_172' title='bbox 29 2775 73 2818; x_wconf 90' lang='lat' dir='ltr'>cus</span> <span class='ocrx_word' id='word_1_173' title='bbox 95 2757 178 2822; x_wconf 91' lang='lat' dir='ltr'>enim</span> <span class='ocrx_word' id='word_1_174' title='bbox 202 2757 410 2844; x_wconf 87' lang='lat' dir='ltr'>triumphalis</span> <span class='ocrx_word' id='word_1_175' title='bbox 430 2761 495 2844; x_wconf 90' lang='lat' dir='ltr'>ille,</span> <span class='ocrx_word' id='word_1_176' title='bbox 519 2761 609 2828; x_wconf 88' lang='lat' dir='ltr'>cuius</span> <span class='ocrx_word' id='word_1_177' title='bbox 629 2761 694 2826; x_wconf 86' lang='lat' dir='ltr'>iam</span> <span class='ocrx_word' id='word_1_178' title='bbox 713 2781 810 2842; x_wconf 90' lang='lat' dir='ltr'>supra</span> <span class='ocrx_word' id='word_1_179' title='bbox 829 2759 951 2824; x_wconf 91' lang='lat' dir='ltr'>mentio</span> <span class='ocrx_word' id='word_1_180' title='bbox 969 2757 1066 2840; x_wconf 79' lang='lat' dir='ltr'>laeta,</span> <span class='ocrx_word' id='word_1_181' title='bbox 1089 2779 1161 2822; x_wconf 90' lang='lat' dir='ltr'>cum</span> 
     </span>
     <span class='ocr_line' id='line_1_24' title="bbox 28 2859 1162 2950; baseline 0.005 -28"><span class='ocrx_word' id='word_1_182' title='bbox 28 2859 54 2923; x_wconf 93' lang='lat' dir='ltr'>in</span> <span class='ocrx_word' id='word_1_183' title='bbox 73 2867 160 2929; x_wconf 86' lang='lat' dir='ltr'>tanta</span> <span class='ocrx_word' id='word_1_184' title='bbox 183 2865 344 2930; x_wconf 85' lang='lat' dir='ltr'>mausolei</span> <span class='ocrx_word' id='word_1_185' title='bbox 368 2865 533 2932; x_wconf 83' lang='lat' dir='ltr'>vicinitate</span> <span class='ocrx_word' id='word_1_186' title='bbox 553 2866 729 2932; x_wconf 88' lang='lat' dir='ltr'>collocatus</span> <span class='ocrx_word' id='word_1_187' title='bbox 754 2865 798 2929; x_wconf 92' lang='lat' dir='ltr'>sit</span> <span class='ocrx_word' id='word_1_188' title='bbox 818 2869 862 2942; x_wconf 91' lang='lat' dir='ltr'>ut,</span> <span class='ocrx_word' id='word_1_189' title='bbox 886 2864 964 2950; x_wconf 90' lang='lat' dir='ltr'>quin</span> <span class='ocrx_word' id='word_1_190' title='bbox 981 2869 1069 2930; x_wconf 86' lang='lat' dir='ltr'>certo</span> <span class='ocrx_word' id='word_1_191' title='bbox 1088 2885 1162 2930; x_wconf 90' lang='lat' dir='ltr'>con·</span> 
     </span>
     <span class='ocr_line' id='line_1_25' title="bbox 28 2967 1163 3038; baseline 0.006 -8"><span class='ocrx_word' id='word_1_192' title='bbox 28 2967 91 3034; x_wconf 89' lang='lat' dir='ltr'>silio</span> <span class='ocrx_word' id='word_1_193' title='bbox 112 2971 191 3036; x_wconf 88' lang='lat' dir='ltr'>haee</span> <span class='ocrx_word' id='word_1_194' title='bbox 216 2972 282 3038; x_wconf 90' lang='lat' dir='ltr'>duo</span> <span class='ocrx_word' id='word_1_195' title='bbox 305 2972 450 3038; x_wconf 87' lang='lat' dir='ltr'>aedificia</span> <span class='ocrx_word' id='word_1_196' title='bbox 473 2973 596 3038; x_wconf 86' lang='lat' dir='ltr'>sociata</span> <span class='ocrx_word' id='word_1_197' title='bbox 619 2976 686 3038; x_wconf 90' lang='lat' dir='ltr'>sint</span> <span class='ocrx_word' id='word_1_198' title='bbox 709 2976 742 3037; x_wconf 90' lang='lat' dir='ltr'>et</span> <span class='ocrx_word' id='word_1_199' title='bbox 761 2971 801 3036; x_wconf 88' lang='lat' dir='ltr'>ad</span> <span class='ocrx_word' id='word_1_200' title='bbox 825 2971 920 3036; x_wconf 92' lang='lat' dir='ltr'>unius</span> <span class='ocrx_word' id='word_1_201' title='bbox 942 2971 1083 3037; x_wconf 91' lang='lat' dir='ltr'>hominis</span> <span class='ocrx_word' id='word_1_202' title='bbox 1106 2971 1163 3037; x_wconf 92' lang='lat' dir='ltr'>ho·</span> 
     </span>
     <span class='ocr_line' id='line_1_26' title="bbox 27 3065 1163 3163; baseline 0.005 -27"><span class='ocrx_word' id='word_1_203' title='bbox 27 3095 125 3141; x_wconf 90' lang='lat' dir='ltr'>norem</span> <span class='ocrx_word' id='word_1_204' title='bbox 149 3078 267 3158; x_wconf 89' lang='lat' dir='ltr'>relata,</span> <span class='ocrx_word' id='word_1_205' title='bbox 290 3078 342 3143; x_wconf 87' lang='lat' dir='ltr'>vix</span> <span class='ocrx_word' id='word_1_206' title='bbox 365 3065 514 3144; x_wconf 80' lang='lat' dir='ltr'>videatiir</span> <span class='ocrx_word' id='word_1_207' title='bbox 536 3078 679 3144; x_wconf 90' lang='lat' dir='ltr'>dubitari</span> <span class='ocrx_word' id='word_1_208' title='bbox 702 3100 814 3163; x_wconf 87' lang='lat' dir='ltr'>posse,</span> <span class='ocrx_word' id='word_1_209' title='bbox 837 3081 1090 3143; x_wconf 88' lang='lat' dir='ltr'>consentaneum</span> <span class='ocrx_word' id='word_1_210' title='bbox 1113 3082 1163 3143; x_wconf 91' lang='lat' dir='ltr'>est</span> 
     </span>
     <span class='ocr_line' id='line_1_27' title="bbox 28 3181 1163 3268; baseline 0.004 -24"><span class='ocrx_word' id='word_1_211' title='bbox 28 3181 160 3260; x_wconf 84' lang='lat' dir='ltr'>prolecto</span> <span class='ocrx_word' id='word_1_212' title='bbox 185 3185 231 3250; x_wconf 89' lang='lat' dir='ltr'>sic</span> <span class='ocrx_word' id='word_1_213' title='bbox 257 3206 400 3268; x_wconf 87' lang='lat' dir='ltr'>censere,</span> <span class='ocrx_word' id='word_1_214' title='bbox 423 3185 516 3250; x_wconf 91' lang='lat' dir='ltr'>utin</span> <span class='ocrx_word' id='word_1_215' title='bbox 541 3185 609 3250; x_wconf 91' lang='lat' dir='ltr'>eius</span> <span class='ocrx_word' id='word_1_216' title='bbox 633 3185 736 3268; x_wconf 91' lang='lat' dir='ltr'>ipsius</span> <span class='ocrx_word' id='word_1_217' title='bbox 760 3205 853 3248; x_wconf 88' lang='lat' dir='ltr'>arcus</span> <span class='ocrx_word' id='word_1_218' title='bbox 877 3186 970 3266; x_wconf 84' lang='lat' dir='ltr'>parte</span> <span class='ocrx_word' id='word_1_219' title='bbox 990 3184 1163 3268; x_wconf 87' lang='lat' dir='ltr'>superiore,</span> 
     </span>
     <span class='ocr_line' id='line_1_28' title="bbox 29 3289 1163 3376; baseline 0.005 -27"><span class='ocrx_word' id='word_1_220' title='bbox 29 3307 98 3367; x_wconf 86' lang='lat' dir='ltr'>quae</span> <span class='ocrx_word' id='word_1_221' title='bbox 116 3295 258 3357; x_wconf 85' lang='lat' dir='ltr'>aetatem</span> <span class='ocrx_word' id='word_1_222' title='bbox 276 3314 343 3357; x_wconf 93' lang='lat' dir='ltr'>non</span> <span class='ocrx_word' id='word_1_223' title='bbox 361 3292 444 3374; x_wconf 87' lang='lat' dir='ltr'>tulit,</span> <span class='ocrx_word' id='word_1_224' title='bbox 466 3293 645 3376; x_wconf 88' lang='lat' dir='ltr'>perscripta</span> <span class='ocrx_word' id='word_1_225' title='bbox 664 3291 785 3355; x_wconf 88' lang='lat' dir='ltr'>fuerint</span> <span class='ocrx_word' id='word_1_226' title='bbox 803 3291 943 3374; x_wconf 83' lang='lat' dir='ltr'>nomina,</span> <span class='ocrx_word' id='word_1_227' title='bbox 966 3289 1064 3369; x_wconf 86' lang='lat' dir='ltr'>tituli,</span> <span class='ocrx_word' id='word_1_228' title='bbox 1087 3291 1163 3356; x_wconf 87' lang='lat' dir='ltr'>laci·</span> 
     </span>
     <span class='ocr_line' id='line_1_29' title="bbox 28 3395 1163 3480; baseline 0.007 -26"><span class='ocrx_word' id='word_1_229' title='bbox 28 3411 97 3458; x_wconf 90' lang='lat' dir='ltr'>nora</span> <span class='ocrx_word' id='word_1_230' title='bbox 127 3395 298 3462; x_wconf 87' lang='lat' dir='ltr'>etiamtum</span> <span class='ocrx_word' id='word_1_231' title='bbox 331 3397 397 3462; x_wconf 92' lang='lat' dir='ltr'>vivi</span> <span class='ocrx_word' id='word_1_232' title='bbox 425 3395 460 3462; x_wconf 84' lang='lat' dir='ltr'>O.</span> <span class='ocrx_word' id='word_1_233' title='bbox 483 3396 571 3480; x_wconf 90' lang='lat' dir='ltr'>Iulii,</span> <span class='ocrx_word' id='word_1_234' title='bbox 604 3397 655 3462; x_wconf 90' lang='lat' dir='ltr'>oui</span> <span class='ocrx_word' id='word_1_235' title='bbox 683 3400 812 3462; x_wconf 86' lang='lat' dir='ltr'>mortuo</span> <span class='ocrx_word' id='word_1_236' title='bbox 843 3397 1042 3462; x_wconf 89' lang='lat' dir='ltr'>mausoleum</span> <span class='ocrx_word' id='word_1_237' title='bbox 1072 3397 1163 3462; x_wconf 82' lang='lat' dir='ltr'>iuxta</span> 
     </span>
     <span class='ocr_line' id='line_1_30' title="bbox 29 3501 1163 3588; baseline 0.006 -29"><span class='ocrx_word' id='word_1_238' title='bbox 29 3501 167 3568; x_wconf 84' lang='lat' dir='ltr'>statuerit</span> <span class='ocrx_word' id='word_1_239' title='bbox 200 3503 343 3568; x_wconf 90' lang='lat' dir='ltr'>filiorum</span> <span class='ocrx_word' id='word_1_240' title='bbox 376 3501 489 3586; x_wconf 88' lang='lat' dir='ltr'>pietas.</span> <span class='ocrx_word' id='word_1_241' title='bbox 536 3501 588 3568; x_wconf 85' lang='lat' dir='ltr'>Ita</span> <span class='ocrx_word' id='word_1_242' title='bbox 615 3523 687 3566; x_wconf 90' lang='lat' dir='ltr'>cum</span> <span class='ocrx_word' id='word_1_243' title='bbox 720 3503 839 3588; x_wconf 82' lang='lat' dir='ltr'>viginti</span> <span class='ocrx_word' id='word_1_244' title='bbox 868 3502 943 3568; x_wconf 86' lang='lat' dir='ltr'>anni</span> <span class='ocrx_word' id='word_1_245' title='bbox 975 3503 1026 3568; x_wconf 87' lang='lat' dir='ltr'>vel</span> <span class='ocrx_word' id='word_1_246' title='bbox 1054 3503 1163 3586; x_wconf 91' lang='lat' dir='ltr'>plures</span> 
     </span>
     <span class='ocr_line' id='line_1_31' title="bbox 29 3606 1163 3693; baseline 0.006 -26"><span class='ocrx_word' id='word_1_247' title='bbox 29 3607 180 3684; x_wconf 89' lang='lat' dir='ltr'>potuerint</span> <span class='ocrx_word' id='word_1_248' title='bbox 203 3607 292 3672; x_wconf 90' lang='lat' dir='ltr'>inter</span> <span class='ocrx_word' id='word_1_249' title='bbox 312 3607 478 3693; x_wconf 86' lang='lat' dir='ltr'>utriusque</span> <span class='ocrx_word' id='word_1_250' title='bbox 501 3606 702 3672; x_wconf 89' lang='lat' dir='ltr'>monumenti</span> <span class='ocrx_word' id='word_1_251' title='bbox 720 3607 881 3691; x_wconf 83' lang='lat' dir='ltr'>originem</span> <span class='ocrx_word' id='word_1_252' title='bbox 904 3607 1064 3674; x_wconf 88' lang='lat' dir='ltr'>interiecti</span> <span class='ocrx_word' id='word_1_253' title='bbox 1084 3630 1163 3690; x_wconf 89' lang='lat' dir='ltr'>esse,</span> 
     </span>
     <span class='ocr_line' id='line_1_32' title="bbox 30 3710 1162 3798; baseline 0.007 -29"><span class='ocrx_word' id='word_1_254' title='bbox 30 3710 71 3771; x_wconf 88' lang='lat' dir='ltr'>vel</span> <span class='ocrx_word' id='word_1_255' title='bbox 96 3713 140 3777; x_wconf 89' lang='lat' dir='ltr'>sic</span> <span class='ocrx_word' id='word_1_256' title='bbox 168 3717 222 3778; x_wconf 92' lang='lat' dir='ltr'>sat</span> <span class='ocrx_word' id='word_1_257' title='bbox 250 3713 430 3798; x_wconf 90' lang='lat' dir='ltr'>commode,</span> <span class='ocrx_word' id='word_1_258' title='bbox 462 3715 546 3780; x_wconf 88' lang='lat' dir='ltr'>unde</span> <span class='ocrx_word' id='word_1_259' title='bbox 575 3713 654 3778; x_wconf 88' lang='lat' dir='ltr'>artis</span> <span class='ocrx_word' id='word_1_260' title='bbox 682 3713 716 3778; x_wconf 91' lang='lat' dir='ltr'>in</span> <span class='ocrx_word' id='word_1_261' title='bbox 744 3717 880 3797; x_wconf 91' lang='lat' dir='ltr'>utroque</span> <span class='ocrx_word' id='word_1_262' title='bbox 906 3734 973 3776; x_wconf 94' lang='lat' dir='ltr'>non</span> <span class='ocrx_word' id='word_1_263' title='bbox 995 3712 1077 3778; x_wconf 88' lang='lat' dir='ltr'>levis</span> <span class='ocrx_word' id='word_1_264' title='bbox 1100 3713 1162 3777; x_wconf 92' lang='lat' dir='ltr'>dis·</span> 
     </span>
     <span class='ocr_line' id='line_1_33' title="bbox 30 3817 1162 3905; baseline 0.005 -27"><span class='ocrx_word' id='word_1_265' title='bbox 30 3817 183 3899; x_wconf 84' lang='lat' dir='ltr'>crepantia</span> <span class='ocrx_word' id='word_1_266' title='bbox 219 3821 379 3905; x_wconf 87' lang='lat' dir='ltr'>queedam</span> <span class='ocrx_word' id='word_1_267' title='bbox 415 3817 589 3904; x_wconf 86' lang='lat' dir='ltr'>repetenda</span> <span class='ocrx_word' id='word_1_268' title='bbox 626 3819 683 3902; x_wconf 88' lang='lat' dir='ltr'>sit,</span> <span class='ocrx_word' id='word_1_269' title='bbox 723 3818 931 3902; x_wconf 87' lang='lat' dir='ltr'>perspicitur:</span> <span class='ocrx_word' id='word_1_270' title='bbox 967 3838 1162 3903; x_wconf 88' lang='lat' dir='ltr'>quamquam</span> 
     </span>
     <span class='ocr_line' id='line_1_34' title="bbox 30 3915 1163 4011; baseline 0.004 -26"><span class='ocrx_word' id='word_1_271' title='bbox 30 3915 160 3990; x_wconf 85' lang='lat' dir='ltr'>annio</span> <span class='ocrx_word' id='word_1_272' title='bbox 189 3926 320 4011; x_wconf 90' lang='lat' dir='ltr'>quidem</span> <span class='ocrx_word' id='word_1_273' title='bbox 348 3927 453 3992; x_wconf 86' lang='lat' dir='ltr'>iudice</span> <span class='ocrx_word' id='word_1_274' title='bbox 483 3949 522 3990; x_wconf 90' lang='lat' dir='ltr'>ea</span> <span class='ocrx_word' id='word_1_275' title='bbox 552 3925 769 4009; x_wconf 87' lang='lat' dir='ltr'>discrepantia</span> <span class='ocrx_word' id='word_1_276' title='bbox 801 3947 866 3990; x_wconf 93' lang='lat' dir='ltr'>non</span> <span class='ocrx_word' id='word_1_277' title='bbox 899 3929 949 3988; x_wconf 91' lang='lat' dir='ltr'>est</span> <span class='ocrx_word' id='word_1_278' title='bbox 980 3929 1074 3990; x_wconf 87' lang='lat' dir='ltr'>tanta</span> <span class='ocrx_word' id='word_1_279' title='bbox 1104 3947 1163 3990; x_wconf 88' lang='lat' dir='ltr'>nec</span> 
     </span>
     <span class='ocr_line' id='line_1_35' title="bbox 30 4026 1163 4118; baseline 0.007 -31"><span class='ocrx_word' id='word_1_280' title='bbox 30 4026 190 4114; x_wconf 86' lang='lat' dir='ltr'>eiusmodi,</span> <span class='ocrx_word' id='word_1_281' title='bbox 218 4035 296 4117; x_wconf 91' lang='lat' dir='ltr'>quin</span> <span class='ocrx_word' id='word_1_282' title='bbox 324 4055 457 4118; x_wconf 88' lang='lat' dir='ltr'>prorsus</span> <span class='ocrx_word' id='word_1_283' title='bbox 485 4033 699 4117; x_wconf 87' lang='lat' dir='ltr'>probabiliter</span> <span class='ocrx_word' id='word_1_284' title='bbox 726 4031 766 4096; x_wconf 90' lang='lat' dir='ltr'>ad</span> <span class='ocrx_word' id='word_1_285' title='bbox 794 4031 912 4096; x_wconf 89' lang='lat' dir='ltr'>indolis</span> <span class='ocrx_word' id='word_1_286' title='bbox 943 4030 1163 4096; x_wconf 86' lang='lat' dir='ltr'>diversitatem</span> 
     </span>
     <span class='ocr_line' id='line_1_36' title="bbox 31 4129 1212 4224; baseline 0 -25"><span class='ocrx_word' id='word_1_287' title='bbox 31 4129 167 4221; x_wconf 85' lang='lat' dir='ltr'>duorum,</span> <span class='ocrx_word' id='word_1_288' title='bbox 194 4161 214 4202; x_wconf 92' lang='lat' dir='ltr'>a</span> <span class='ocrx_word' id='word_1_289' title='bbox 237 4139 354 4224; x_wconf 92' lang='lat' dir='ltr'>quibus</span> <span class='ocrx_word' id='word_1_290' title='bbox 382 4139 440 4204; x_wconf 92' lang='lat' dir='ltr'>illa</span> <span class='ocrx_word' id='word_1_291' title='bbox 469 4161 569 4224; x_wconf 90' lang='lat' dir='ltr'>opera</span> <span class='ocrx_word' id='word_1_292' title='bbox 592 4137 751 4222; x_wconf 82' lang='lat' dir='ltr'>profecta,</span> <span class='ocrx_word' id='word_1_293' title='bbox 780 4137 976 4202; x_wconf 89' lang='lat' dir='ltr'>Graecorum</span> <span class='ocrx_word' id='word_1_294' title='bbox 1003 4137 1163 4202; x_wconf 86' lang='lat' dir='ltr'>artificum</span> <span class='ocrx_word' id='word_1_295' title='bbox 1177 4160 1212 4200; x_wconf 93' lang='lat' dir='ltr'>1x</span> 
     </span>
     <span class='ocr_line' id='line_1_37' title="bbox 31 4239 1164 4328; baseline 0.007 -30"><span class='ocrx_word' id='word_1_296' title='bbox 31 4247 198 4308; x_wconf 85' lang='lat' dir='ltr'>revocetur:</span> <span class='ocrx_word' id='word_1_297' title='bbox 225 4266 301 4309; x_wconf 91' lang='lat' dir='ltr'>nam</span> <span class='ocrx_word' id='word_1_298' title='bbox 325 4243 468 4310; x_wconf 85' lang='lat' dir='ltr'>Graecos</span> <span class='ocrx_word' id='word_1_299' title='bbox 491 4245 593 4310; x_wconf 85' lang='lat' dir='ltr'>fuisse</span> <span class='ocrx_word' id='word_1_300' title='bbox 621 4267 672 4309; x_wconf 91' lang='lat' dir='ltr'>res</span> <span class='ocrx_word' id='word_1_301' title='bbox 700 4243 773 4326; x_wconf 87' lang='lat' dir='ltr'>ipse</span> <span class='ocrx_word' id='word_1_302' title='bbox 795 4243 946 4327; x_wconf 88' lang='lat' dir='ltr'>loquitur.</span> <span class='ocrx_word' id='word_1_303' title='bbox 970 4279 1012 4290; x_wconf 93' lang='lat'>—</span> <span class='ocrx_word' id='word_1_304' title='bbox 1037 4239 1164 4328; x_wconf 83' lang='lat' dir='ltr'>(legno-</span> 
     </span>
     <span class='ocr_line' id='line_1_38' title="bbox 32 4345 1165 4432; baseline 0.004 -24"><span class='ocrx_word' id='word_1_305' title='bbox 32 4345 106 4410; x_wconf 87' lang='lat' dir='ltr'>miue</span> <span class='ocrx_word' id='word_1_306' title='bbox 124 4351 232 4414; x_wconf 88' lang='lat' dir='ltr'>autem</span> <span class='ocrx_word' id='word_1_307' title='bbox 251 4349 352 4416; x_wconf 75' lang='lat' dir='ltr'>Italics</span> <span class='ocrx_word' id='word_1_308' title='bbox 369 4350 443 4416; x_wconf 91' lang='lat' dir='ltr'>illos</span> <span class='ocrx_word' id='word_1_309' title='bbox 462 4351 561 4416; x_wconf 85' lang='lat' dir='ltr'>fuisse</span> <span class='ocrx_word' id='word_1_310' title='bbox 577 4349 723 4417; x_wconf 73' lang='lat' dir='ltr'>caesares</span> <span class='ocrx_word' id='word_1_311' title='bbox 740 4349 792 4414; x_wconf 91' lang='lat' dir='ltr'>vel</span> <span class='ocrx_word' id='word_1_312' title='bbox 811 4347 1021 4432; x_wconf 91' lang='lat' dir='ltr'>praenomina</span> <span class='ocrx_word' id='word_1_313' title='bbox 1040 4347 1165 4413; x_wconf 85' lang='lat' dir='ltr'>faciunt</span> 
     </span>
    </p>
   </div>
   <div class='ocr_carea' id='block_1_3' title="bbox 32 4453 1165 4614">
    <p class='ocr_par' dir='ltr' id='par_1_3' title="bbox 32 4453 1165 4614">
     <span class='ocr_line' id='line_1_39' title="bbox 32 4453 1165 4541; baseline 0.008 -30"><span class='ocrx_word' id='word_1_314' title='bbox 32 4455 62 4512; x_wconf 89' lang='lat' dir='ltr'>ut</span> <span class='ocrx_word' id='word_1_315' title='bbox 82 4453 253 4539; x_wconf 85' lang='lat' dir='ltr'>credamus,</span> <span class='ocrx_word' id='word_1_316' title='bbox 276 4457 403 4541; x_wconf 89' lang='lat' dir='ltr'>quaudo</span> <span class='ocrx_word' id='word_1_317' title='bbox 426 4462 555 4540; x_wconf 87' lang='lat' dir='ltr'>praeter</span> <span class='ocrx_word' id='word_1_318' title='bbox 571 4457 682 4522; x_wconf 75' lang='lat' dir='ltr'>Scalas</span> <span class='ocrx_word' id='word_1_319' title='bbox 697 4456 814 4521; x_wconf 63' lang='lat' dir='ltr'>[aava</span> <span class='ocrx_word' id='word_1_320' title='bbox 829 4455 932 4520; x_wconf 80' lang='lat' dir='ltr'>Gaiae</span> <span class='ocrx_word' id='word_1_321' title='bbox 954 4455 1165 4539; x_wconf 88' lang='lat' dir='ltr'>praenomina</span> 
     </span>
     <span class='ocr_line' id='line_1_40' title="bbox 896 4557 951 4614; baseline 0 0"><span class='ocrx_word' id='word_1_322' title='bbox 896 4557 951 4614; x_wconf 72' lang='lat'>86*</span> 
     </span>
    </p>
   </div>
   <div class='ocr_carea' id='block_1_4' title="bbox 0 0 1490 5120">
    <p class='ocr_par' dir='ltr' id='par_1_4' title="bbox 0 0 1490 5120">
     <span class='ocr_line' id='line_1_41' title="bbox 0 0 1490 5120; baseline 0 0"><span class='ocrx_word' id='word_1_323' title='bbox 0 0 1490 5120; x_wconf 95' lang='lat' dir='ltr'> </span> 
     </span>
    </p>
   </div>
  </div>
 </body>
</html>
