3008 5118
370 385 579 434 nsrruosvu
603 384 869 446 arriomanitis.
1125 367 1189 432 283

61 527 238 593 Muellerum
263 527 422 614 Bergkius
446 551 475 613 p.
491 527 571 592 VIII
594 531 719 593 tutatus
744 531 806 612 est,
836 527 1018 611 spectantia
1039 525 1099 591 illa
1122 527 1189 611 qui·
1207 545 1230 584 ιο

60 634 123 698 dem
150 633 190 698 ad
219 632 334 700 Ianum
364 635 468 700 deum.
515 634 606 700 Vnde
634 634 696 698 etsi
724 657 788 699 non
817 655 894 698 sane
918 632 1057 699 efficitur
1084 633 1192 718 ipsum

60 741 161 806 lanum
180 762 251 806 esse
270 741 324 826 qui
339 739 502 806 Creatoris
524 741 656 806 nomine
676 741 836 806 diceretur
860 741 1060 824 simpliciter,
1082 743 1191 804 tamen

60 847 103 910 ria
124 846 239 910 saltem
260 845 450 929 expediendi
472 845 580 911 KERI
602 847 692 911 illius
711 847 874 931 patefacta
892 853 950 911 est.
983 846 1087 923 Quam
1106 845 1192 910 ultra

59 953 233 1034 persecutus
264 951 485 1018 Mommsenus
514 953 553 1017 de
583 953 658 1019 dial.
685 953 759 1018 Ital.
787 975 817 1037 p.
841 953 902 1016 133
932 953 1070 1018 conlatis
1099 949 1192 1016 Oscis

58 1057 149 1122 lrerri
177 1059 301 1123 kerrii
330 1059 441 1124 formis
470 1058 631 1125 intellexit
655 1082 791 1146 aequare
816 1063 908 1124 vetus
936 1081 1045 1124 cerus
1073 1079 1191 1124 nomen

58 1165 223 1230 recentiore
248 1189 309 1230 usu
332 1167 572 1250 frequentatam
596 1167 732 1251 genius
756 1166 893 1243 formam
917 1166 1154 1251 notionemque.

136 1269 244 1338 Minus
274 1277 382 1338 autem
410 1272 547 1338 feliciter
574 1273 678 1338 eidem
707 1272 839 1338 Secchio
866 1272 915 1338 illi
945 1295 997 1337 res
1030 1273 1128 1336 cessit
1159 1273 1193 1336 in

57 1379 291 1462 interpretando
326 1377 534 1444 ΑΕΟΕΤΙΑΙ
566 1381 704 1446 nomine.
764 1379 866 1455 Quam
900 1379 992 1444 deam
1029 1401 1102 1444 cum
1133 1401 1192 1462 pro

58 1485 213 1567 elegerin
252 1487 377 1570 acoepIt
414 1487 464 1551 vel
497 1487 640 1570 Egeria
676 1487 879 1570 formamque
908 1487 1081 1550 Etruscam
1113 1485 1195 1549 dixit

57 1591 169 1656 latinae
198 1591 375 1676 Aegedia
407 1592 562 1658 vicariam
594 1613 675 1676 quae
707 1591 912 1675 postmodnm
944 1591 1128 1656 transiisset
1160 1591 1192 1654 in

58 1697 225 1780 Aegeria,
249 1697 437 1780 responderi
461 1698 581 1782 poterit
604 1697 783 1782 dupliciter.
815 1697 883 1762 Nec
903 1697 988 1761 enim
1009 1699 1042 1761 in
1061 1697 1193 1782 reliquis

57 1801 162 1867 horum
185 1805 378 1888 poculorum
408 1805 564 1890 exemplis
588 1804 718 1870 Etrusci
746 1804 903 1868 sermonis
931 1802 1151 1886 (abhorrentis
1174 1825 1195 1868 a

58 1909 225 1976 mediarum
250 1933 332 1995 quas
351 1911 555 1996 grammatici
575 1917 690 1976 vocant
710 1911 956 1976 consonantium
976 1907 1194 1992 mollitudine)

58 2017 219 2100 vestigium
246 2017 348 2082 ullum
373 2021 519 2102 apparet,
548 2039 607 2083 nee
631 2018 663 2083 iu
686 2018 790 2083 latina
812 2018 939 2102 lingue,
961 2020 998 2082 nt
1021 2039 1098 2082 sane
1121 2039 1139 2080 r
1161 2017 1194 2082 in

58 2122 86 2198 d,
106 2122 150 2186 ita
173 2123 342 2188 contraria
364 2124 586 2189 vicissitudine
609 2126 632 2190 d
653 2125 686 2189 in
709 2147 726 2188 r
750 2125 866 2189 mutari
896 2125 1026 2190 solitam
1051 2145 1193 2210 comper·

58 2231 118 2291 tum
142 2233 199 2294 est
235 2229 410 2316 Singulare
434 2233 483 2294 est
506 2231 591 2294 enim
615 2232 698 2315 quod
723 2231 908 2296 medidies
933 2231 1095 2296 exstitisse
1118 2235 1194 2296 ante

59 2335 229 2400 meridies
259 2335 367 2402 Varro
391 2341 530 2402 testatur
557 2337 597 2403 de
621 2338 640 2402 l.
664 2339 719 2402 lat.
743 2337 803 2422 VI,
822 2339 857 2402 4:
889 2338 979 2403 cuius
1003 2339 1194 2404 mutationis

59 2460 193 2507 caussam
219 2443 287 2508 iam
312 2442 424 2510 Cleero
449 2441 538 2509 Oret.
561 2446 614 2530 47,
635 2445 696 2510 157
722 2445 883 2510 intellexit
906 2445 1043 2510 iteratae
1067 2445 1102 2510 di
1131 2445 1195 2528 syl·

59 2546 142 2612 labae
165 2549 397 2616 insuavitatem
421 2552 530 2618 fuisse.
577 2553 779 2637 Quamquam
804 2553 904 2618 slmili
928 2553 1007 2617 olim
1032 2553 1195 2616 sententia

60 2652 270 2722 llommsenus
295 2657 395 2723 fuisse
415 2658 539 2724 videtur
558 2659 597 2723 de
617 2659 690 2724 dial.
710 2659 782 2724 Ital.
803 2683 833 2744 p.
850 2661 901 2724 28.
932 2657 1194 2724 Diversissimam

60 2761 136 2825 riam
167 2764 335 2850 ingressus
368 2765 552 2830 Gerhardus
582 2765 781 2830 Aecetiam
814 2765 1088 2850 interpretabatur
1114 2769 1195 2828 tem·

61 2889 146 2950 quem
178 2871 325 2955 aliquam
360 2871 546 2936 Acetariam
581 2873 630 2936 vel
663 2873 844 2938 Acetanam
877 2873 918 2937 ab
951 2875 1042 2936 aceto
1075 2871 1195 2935 dictam

62 2973 313 3062 (‘Ilssiggbttiu')
342 2977 374 3042 iu
399 2983 570 3044 comment.
594 2978 632 3042 de
656 2979 724 3044 deis
747 2979 959 3044 Etruscorum
990 2978 1077 3044 edita
1099 2975 1197 3042 Bero-

62 3079 112 3144 lini
134 3105 160 3146 a.
182 3085 266 3149 1847
293 3105 323 3166 p.
343 3085 385 3148 25
404 3105 464 3168 sq.,
497 3085 689 3169 Aegestue
712 3085 876 3150 Acastus
904 3085 1037 3150 nomina
1059 3103 1196 3148 comme-

63 3209 180 3254 morans
204 3190 393 3255 obscuriore
417 3191 625 3275 comparandi
653 3191 907 3256 ratiocinandive
934 3191 1083 3256 artificio.
1130 3188 1198 3254 Sci·

62 3292 129 3358 licet
158 3295 297 3360 mirifico
330 3318 462 3380 prorsus
495 3297 643 3361 acumine
673 3296 851 3381 Aegestum
883 3298 989 3380 illum,
1027 3295 1082 3380 qui
1113 3297 1198 3360 Alba

64 3401 168 3466 missus
191 3423 265 3468 esse
283 3401 454 3468 Lavinium
477 3407 636 3487 narratur,
660 3403 701 3468 ab
726 3425 763 3469 eo
788 3405 987 3488 appellatum
1011 3425 1091 3485 esse,
1113 3402 1197 3486 quod

65 3509 217 3593 tamquam
242 3531 394 3603 praeesse
422 3513 514 3574 aceto
544 3515 576 3573 et
604 3511 726 3574 muriae
754 3515 787 3574 et
813 3512 921 3594 pernis
950 3509 1197 3594 petasonibueve

67 3615 207 3700 salsisque
237 3615 417 3680 muriaticis
445 3615 635 3700 (Schinlreu
666 3617 730 3682 und
755 3616 993 3702 l'blrelfleisch’)
1022 3619 1199 3701 putaretur,

66 3727 261 3800 persuaserat
283 3721 346 3786 sibi
370 3722 551 3787 Klausenus
575 3722 613 3786 de
633 3723 742 3786 Aenea
765 3727 797 3785 et
821 3719 995 3786 Penatibus
1019 3720 1051 3785 II
1075 3743 1105 3804 p.
1125 3721 1199 3785 689.

67 3825 195 3911 Aquali
222 3834 408 3896 commento
435 3829 521 3894 haud
549 3830 596 3894 ita
623 3829 761 3894 multum
790 3828 995 3894 abhorruerit
1023 3829 1049 3892 si
1078 3827 1132 3912 qui
1160 3827 1199 3891 de

69 3928 212 4017 Segetia
237 3935 298 4000 dea
316 3936 437 4022 cogitet
455 3939 489 4000 et
507 3936 651 4001 conferre
677 3935 838 4022 Segesta
861 3936 1006 4018 Egesta
1030 3933 1199 4018 Aegeate

69 4037 178 4106 formas
201 4043 344 4107 animum
362 4027 510 4108 inducat:
534 4063 648 4126 parum
672 4043 704 4107 id
727 4043 855 4127 quidem
879 4041 1089 4106 considerate.
1125 4039 1199 4104 Nou

71 4142 217 4214 dubitabit
240 4153 321 4234 puto
341 4149 390 4212 vir
412 4147 626 4214 amicissimus
655 4149 689 4214 in
717 4151 878 4230 nostram,
906 4145 1002 4211 simul
1027 4151 1124 4230 atque
1148 4169 1200 4211 au·

72 4248 169 4339 dierit,
200 4256 394 4322 sententiam
423 4255 608 4320 concedere:
648 4275 707 4320 nee
735 4253 821 4318 enim
850 4275 922 4318 mea
951 4257 1013 4336 est,
1050 4253 1106 4318 sed
1137 4275 1199 4318 uuo

73 4357 203 4442 tempore
230 4385 303 4428 cum
333 4363 373 4427 ab
397 4361 517 4428 Iacobo
546 4361 722 4444 Beruaysio
752 4381 860 4426 coram
890 4364 960 4425 tum
989 4381 1047 4443 per
1074 4360 1199 4424 litteras
1213 4385 1239 4420 eu

75 4462 269 4536 aTheodoro
293 4467 497 4534 Mommseuo
525 4489 650 4532 mecum
684 4465 928 4532 communicata.
975 4465 1116 4546 Quorum
1143 4465 1199 4532 ille
