2972 5120
403 349 686 400 svaenannurvu
712 353 759 400 ur.
1088 339 1154 402 535

27 494 115 556 dicam
137 493 290 578 analogia
313 493 381 558 sive
404 494 557 578 reprobet
580 495 647 559 sire
671 494 866 560 dissuadeat.
912 495 997 572 Quid
1021 499 1153 562 autem?

26 598 216 663 inlustrium
240 599 342 664 ferme
365 601 566 666 saeculorum
586 599 755 666 decursum
779 623 884 668 nonne
909 625 928 666 a
947 601 1152 668 Graecanicis

26 706 57 769 ad
77 707 193 788 patrios
221 705 300 770 deos
328 706 386 770 alii
413 728 541 792 quoquc
573 707 655 772 ritus
683 708 846 792 peregrini
874 709 1025 774 translati
1055 711 1152 774 sunt?

25 835 56 876 au
73 813 265 878 lectisternia
283 817 316 878 et
329 813 582 898 supplicationes
599 813 687 878 domi
705 814 776 878 nati
795 813 877 879 ritus
896 815 1047 880 fuerunt?
1071 837 1152 898 quae

24 925 115 982 tamen
138 940 256 1004 genera
279 923 409 984 constat
430 920 601 1005 paullatim
626 921 659 984 in
682 941 885 986 communem
910 921 1033 986 cultum
1051 921 1151 987 etiam

24 1023 234 1110 ‘propriorum’
263 1025 396 1092 deorum
419 1027 640 1092 Romanorum
670 1026 805 1092 abiisse:
834 1027 872 1092 dc
896 1050 959 1112 quo
983 1026 1054 1092 ride
1078 1049 1150 1094 eun·

24 1131 81 1195 dem
103 1131 348 1217 Marquardtum
372 1130 591 1216 disputantem
614 1133 634 1197 l.
654 1155 679 1196 a.
698 1155 723 1198 s.
746 1155 776 1216 p.
796 1133 840 1198 52
860 1155 928 1218 sqq.
969 1133 1058 1209 Quae
1081 1134 1150 1218 qui-

23 1237 79 1302 den
110 1238 309 1304 mutationes
341 1260 399 1323 per
425 1259 507 1323 quae
537 1245 570 1302 et
597 1242 779 1323 temporum
807 1239 983 1304 intervalla
1010 1243 1043 1304 et
1070 1262 1150 1324 quas
1205 1279 1208 1284 -

23 1365 111 1408 rerum
139 1345 317 1411 rariehtcs
345 1346 517 1428 creverint,
546 1350 613 1410 tam
643 1347 676 1412 iu
704 1346 841 1412 obscuro
871 1350 921 1410 est
949 1350 985 1410 ut
1012 1367 1078 1412 non
1105 1347 1150 1420 sit

23 1451 186 1516 mirandum
209 1453 249 1516 de
274 1475 308 1517 re
332 1453 466 1518 minoris
486 1452 641 1518 momenti
665 1457 799 1538 atquae
823 1455 920 1518 latius
944 1453 1062 1518 diffusa
1081 1453 1149 1519 lon·

23 1576 107 1639 geque
130 1561 244 1640 patens
269 1559 408 1624 tortasse
431 1581 608 1643 numquam
631 1560 703 1642 luit,
727 1560 783 1625 scd
801 1561 922 1646 privati
942 1560 1148 1643 potissimum

23 1685 84 1726 usus
106 1665 281 1730 artioribus
304 1665 422 1731 finibus
445 1665 702 1748 circumscripta,
724 1666 830 1749 qualia
854 1669 905 1730 cst
926 1664 1039 1730 ieiunii
1059 1666 1149 1749 ritus,

21 1769 88 1833 nihil
109 1771 283 1836 admodum
306 1795 325 1838 a
349 1773 560 1857 scriptoribus
584 1773 748 1856 proditum
771 1795 841 1838 esse
865 1771 1048 1837 memoriae.

94 1876 139 1941 De
167 1878 219 1941 his
249 1879 351 1964 igitur
373 1879 631 1944 dubitationibus
659 1902 723 1944 non
748 1879 931 1966 cogitabam
955 1901 1027 1944 cum
1051 1901 1149 1964 supra

21 1980 148 2048 dicebam
176 1985 330 2050 lamellae
357 1984 569 2052 Bononiensis
599 1987 859 2071 supplementum
887 1985 1148 2070 Garruccianum‚

22 2087 90 2168 quod
111 2093 159 2154 est
181 2091 248 2155 talc

283 2231 813 2299 IVNONEtOVOINAI

284 2357 432 2423 Dlovla‘
446 2395 453 2408 ·
469 2357 640 2424 CASTVD
656 2395 662 2408 ·
677 2358 866 2424 FACITVD

22 2537 72 2580 non
93 2521 208 2585 nemini
232 2543 298 2586 nou
323 2520 487 2584 minutioni
508 2524 649 2603 tantum,
673 2519 728 2583 sed
747 2519 916 2584 offensioni
935 2518 1050 2582 fuisse:
1074 2541 1146 2603 pos·

22 2643 78 2685 sun
98 2625 210 2690 addere
234 2630 270 2690 et
292 2625 475 2710 suspitioni.
511 2625 595 2690 Nam
619 2625 764 2708 profecto
784 2625 885 2688 multo
905 2625 1004 2689 etiam
1024 2626 1146 2690 maiore

23 2727 180 2814 intervallo,
204 2753 304 2816 quarn
324 2756 344 2796 a
358 2731 473 2796 Cerere
492 2731 572 2796 Iuno
586 2731 718 2813 Lucina,
741 2730 783 2793 ab
802 2730 913 2794 eadem
936 2730 1038 2814 ipsius
1058 2731 1145 2795 Iovis

23 2855 120 2900 numen
150 2839 273 2903 distare
305 2839 474 2904 videbitur.
529 2837 620 2902 Nihil
654 2837 769 2901 saltem
802 2835 842 2899 ad
875 2835 1030 2900 ieiunium
1058 2835 1145 2901 Iovis

22 2941 200 3021 probandum
223 2944 356 3010 Horatii
378 2944 485 3010 verbis
508 2945 628 3008 efficies
653 2943 753 3008 Scrm.
777 2943 824 3026 II,
846 2944 876 3024 3,
895 2943 973 3006 291:
1002 2941 1142 3026 ‘Iuppi-

24 3051 69 3108 ter
88 3099 94 3111 .
112 3099 143 3114 ..
166 3051 223 3117 illo
247 3074 342 3116 mane
366 3051 429 3132 die,
460 3073 532 3135 quo
560 3054 600 3115 tu
623 3049 766 3114 indicis
794 3048 956 3127 ieiunia,
983 3049 1087 3114 nudus
1111 3050 1144 3114 in

24 3150 114 3220 Tiberi
136 3157 257 3224 stabit?
305 3157 394 3233 Quae
418 3155 484 3219 sive
508 3155 549 3218 ad
572 3155 765 3219 Iudaeorum
789 3155 899 3220 Iovem
927 3153 1047 3218 referes
1072 3177 1145 3220 cum

24 3259 206 3330 multitudine
236 3265 467 3348 interpretum,
496 3263 563 3327 sivo
587 3265 734 3344 spectare
757 3259 799 3325 ad
822 3261 1021 3346 Aegyptium
1046 3261 1144 3326 ritum

25 3367 144 3452 putabis,
165 3371 251 3455 quod
275 3369 376 3434 habet
398 3390 462 3453 quo
485 3365 726 3432 commendetur
749 3371 878 3452 practer
897 3371 1016 3452 cetera,
1040 3372 1074 3432 at
1094 3368 1146 3434 vix

24 3469 83 3535 ullis
104 3477 257 3542 machinis
281 3476 320 3540 de
339 3476 558 3540 Romanorum
578 3474 655 3538 Iove
669 3471 854 3564 Capitolino
876 3497 946 3539 csse
965 3475 1051 3539 dicta
1075 3496 1144 3557 per·

26 3580 161 3648 suadebis.
195 3585 326 3649 Novum
350 3587 400 3647 est
421 3583 523 3666 igitur
546 3584 578 3645 et
602 3581 783 3646 solitarium
806 3602 865 3644 nec
888 3581 1056 3645 commodo
1077 3581 1143 3644 vin-

26 3684 82 3747 culo
103 3710 170 3752 cum
193 3689 293 3755 simili
317 3710 434 3773 genere
454 3689 674 3772 coniunctum,
697 3687 782 3773 quod
802 3687 1031 3752 addiscendum
1049 3686 1143 3750 nobis

27 3788 61 3852 sit
79 3813 112 3857 ex
133 3795 274 3862 incertae
298 3795 435 3880 originis
458 3795 682 3878 supplemento
706 3794 931 3858 Garrucciano.
969 3791 1052 3856 Sane
1076 3791 1143 3876 qui·

27 3892 83 3959 dem
102 3902 293 3980 γηράικομεν
317 3903 377 3966 αἰεὶ
401 3902 508 3966 πολλὰ
531 3901 763 3984 διδαεκόμενοι,
791 3921 849 3964 uec
876 3921 915 3964 ea
936 3897 1143 3982 potissimum

28 4019 87 4078 pars
107 4008 305 4093 antiquitatis
323 4009 504 4090 Romanae,¹
520 4030 603 4093 qnae
626 4007 666 4072 ad
690 4007 863 4090 religiones
888 4009 920 4070 et
942 4005 991 4069 ius
1016 4027 1143 4070 sacrum

28 4109 157 4198 Pertinet,
183 4137 247 4180 non
269 4115 432 4199 permulta
454 4116 555 4180 habet
579 4115 628 4178 uel
652 4115 789 4179 obscura
816 4111 911 4177 nobis
935 4111 985 4176 vel
1007 4110 1143 4196 occulta,

29 4231 141 4290 luorum
163 4223 210 4287 vel
233 4227 361 4308 praeter
384 4223 658 4306 exspectationem
682 4221 790 4304 aliquo
814 4219 962 4284 fortunae
988 4217 1237 4284 beneficiorum

30 4324 296 4405 l'trspiciendcrum
325 4351 399 4412 spes
427 4329 483 4394 sit:
512 4329 567 4394 scd
595 4351 633 4394 co
662 4332 771 4392 tamen
795 4325 950 4390 intentius
973 4325 1050 4390 illuc
1073 4347 1143 4390 esse

31 4420 249 4500 incumbendum
273 4439 419 4520 apparet,
440 4438 591 4520 utquam
611 4435 680 4500 ficri
699 4434 804 4518 possit
822 4433 1003 4498 certissime
1024 4433 1063 4497 dc
1081 4433 1143 4498 lide
