3108 5142
308 323 328 384 6
625 337 845 384 SPIClLEGIVhl
869 337 1142 386 llPlGIthPlllCVrll.

309 498 402 580 Apud
427 497 619 561 Fabrettum
643 497 663 560 l.
690 500 705 561 1
732 496 821 562 deest
844 497 888 582 M,
910 487 975 562 l.'2
999 503 1073 582 post
1092 497 1188 564 ZOTI
1209 496 1297 584 (nam
1325 504 1350 565 Σ
1374 501 1443 564 illud

308 604 395 668 valet
420 627 496 668 sane
521 605 558 690 Z)
587 605 711 690 reliqua
742 606 862 669 omissa
885 606 1007 688 omnia,
1038 606 1115 669 item
1140 629 1167 671 v.
1191 608 1212 670 3
1236 606 1359 691 reliqua
1380 613 1443 690 post

309 709 516 795 coNIVNx,
536 734 564 776 v.
583 713 605 775 4
625 712 705 776 duae
730 712 858 776 litterae
878 717 1048 777 extremae.
1068 712 1107 777 V.
1127 713 1147 778 5
1167 718 1199 778 et
1215 696 1408 798 GEORVM,
1421 739 1444 778 s.

311 820 327 883 7
344 816 465 882 DONA
481 819 643 902 supplevit
663 818 701 882 de
717 815 784 902 suo,
799 843 827 883 v.
846 821 881 883 11
900 819 1047 884 exhibuit
1061 819 1148 884 VEL
1166 820 1238 885 IVS
1252 856 1259 869 ·
1274 820 1446 887 ISTEIAE.

310 925 453 990 l‘ermira
476 931 584 990 autem
608 927 704 991 huius
728 926 948 1011 inscriptionis
972 928 1053 991 ratio
1078 932 1136 1012 est,
1160 929 1187 992 si
1208 951 1279 993 cum
1299 930 1365 994 alia
1382 953 1446 994 con·

310 1032 452 1096 tenderis
483 1040 559 1116 post
589 1027 731 1099 Donium
759 1033 851 1116 XIV,
882 1037 922 1098 rb
952 1036 992 1099 ab
1021 1033 1199 1100 Muratorio
1230 1037 1329 1120 1500,
1362 1039 1374 1100 1
1408 1038 1447 1101 sie

310 1138 462 1222 repetita:

656 1253 682 1293 1².
702 1251 828 1294 svnnrvs
848 1253 986 1296 zorrovs
1006 1255 1055 1296 ar.
1075 1255 1183 1296 suanm
1203 1256 1275 1297 arca

613 1358 649 1398 sn
665 1360 727 1400 vnn
742 1360 913 1402 rucaavar.
929 1363 978 1402 nr.
993 1363 1052 1402 rm.
1068 1363 1116 1404 ss.
1132 1365 1191 1403 nm.
1206 1363 1287 1411 arno.

525 1465 702 1514 rosrsnmo.
727 1467 861 1508 asonvn.
889 1468 930 1506 ar
958 1468 1071 1508 annua
1102 1469 1237 1510 conrvor.
1262 1471 1347 1511 rvnm

455 1573 570 1612 arrasa
594 1573 633 1612 nr
657 1574 715 1613 um.
740 1573 902 1613 erasurus.
927 1574 955 1621 Q.
979 1573 1106 1616 rossan.
1130 1575 1159 1622 o.
1183 1577 1319 1618 nnoavn.
1345 1580 1383 1618 nr

403 1665 421 1720 5
477 1680 604 1722 svnnrvs
623 1681 803 1722 rsrnrnuvs.
818 1681 867 1722 aa.
882 1681 940 1720 nm.
960 1681 1059 1723 uvrvs.
1080 1684 1119 1722 nr
1140 1683 1171 1722 nr
1186 1683 1280 1724 coum
1292 1711 1388 1726 ......

479 1788 635 1830 nonrvuv·
651 1788 788 1829 anonam
804 1787 909 1830 cassu.
924 1789 973 1828 nr.
990 1789 1149 1830 crsrnanu.
1165 1791 1279 1832 osana
1291 1818 1370 1834 .....

429 1897 456 1936 si
475 1896 529 1943 ovr
543 1895 699 1936 vonvnam
714 1895 849 1936 nonnas.
875 1897 933 1936 arna
949 1897 1101 1936 varennas.
1122 1898 1194 1938 rvrr.
1209 1898 1304 1938 rur-nn

430 2004 469 2042 nr
507 2001 607 2042 ronna
632 2002 660 2041 u.
679 2003 709 2044 n.
725 2002 751 2044 n.
775 2002 803 2043 a.
819 2003 868 2042 aa.
893 2003 1092 2046 roarrrrcvu.
1112 2005 1160 2044 nr.
1184 2006 1364 2049 vraonunvs

315 2087 394 2150 'l'arn
416 2087 500 2150 inter
523 2107 557 2149 se
577 2090 609 2148 et
628 2083 780 2149 dill'erunt
799 2090 831 2149 et
851 2086 1025 2152 concinunt
1042 2088 1123 2152 haec
1147 2091 1179 2152 et
1201 2088 1258 2152 illa
1281 2089 1455 2175 inscriptio,

315 2200 349 2258 ut
372 2216 431 2258 nec
454 2192 568 2256 haberi
592 2213 651 2274 pro
676 2192 787 2256 eadem
811 2216 870 2258 nec
898 2217 957 2277 pro
982 2195 1118 2259 diversis
1142 2199 1270 2279 queant.
1316 2197 1456 2282 Egregia

313 2304 414 2388 igitur
437 2300 598 2384 Borghesi
622 2300 814 2383 coniectura,
837 2301 988 2365 iteratam
1013 2302 1045 2365 in
1070 2303 1173 2366 altero
1187 2304 1297 2367 ‘latere
1317 2304 1456 2369 eiusdem

315 2409 452 2492 sepulcri
477 2408 612 2471 eandem
636 2407 880 2491 inscriptionem
904 2407 1012 2492 fuisse,
1036 2409 1122 2493 quod
1145 2431 1209 2473 non
1230 2432 1338 2474 carere
1359 2433 1456 2476 exeru-

315 2517 388 2601 plis.
428 2515 525 2598 Atqui
549 2536 614 2577 non
639 2519 688 2576 est
710 2537 841 2598 prorsus
867 2514 986 2579 eadem.
1034 2515 1264 2580 Diversitatem
1289 2517 1394 2601 igitur
1417 2519 1458 2580 ita

314 2626 443 2687 nosmet
465 2622 728 2704 interpretamur,
757 2623 793 2683 ut
820 2620 956 2685 diversis
979 2626 1151 2706 utrumque
1175 2624 1362 2707 exemplum
1385 2629 1459 2689 tem·

315 2730 448 2814 poribus
477 2727 659 2793 conlectum
688 2728 896 2812 arbitremur,
924 2728 1031 2813 priore
1060 2730 1189 2814 quidem
1218 2755 1237 2794 a
1261 2731 1361 2795 nobis
1392 2753 1460 2816 pro-

315 2838 427 2921 latum,
450 2836 628 2920 posteriore
652 2835 917 2900 Muratorianum.
942 2835 1081 2900 Suadere
1101 2837 1161 2902 hoe
1182 2838 1252 2921 ipsa
1272 2839 1359 2904 ratio
1380 2863 1459 2904 corn·

313 2950 501 3029 paratarum
533 2944 618 3007 inter
646 2965 681 3007 se
708 2942 957 3026 inscriptionum
986 2943 1118 3010 videtur.
1165 2944 1250 3009 Nam
1277 2943 1311 3010 P.
1342 2945 1459 3012 Sollius

315 3051 444 3116 Zoticus
469 3072 541 3113 cum
565 3048 701 3131 coniuge
725 3054 937 3133 posteaquam
963 3052 1024 3115 sibi
1049 3057 1081 3115 et
1105 3053 1170 3116 suis
1195 3053 1335 3136 sepulcri
1356 3054 1460 3119 locum

315 3158 510 3241 lactaverant
542 3158 849 3240 monumentumque
878 3159 1031 3240 fecerant,
1065 3181 1101 3222 ac
1134 3181 1173 3222 ne
1207 3161 1277 3244 quis
1308 3183 1459 3246 umquam

316 3264 486 3344 alienaret,
519 3261 622 3325 multa
650 3261 826 3326 constituta
855 3264 1103 3346 interdixerant,
1137 3287 1218 3329 unus
1246 3290 1283 3330 cx
1312 3269 1462 3351 posteris,

316 3369 435 3435 Sullius
461 3366 643 3451 Stephanus
667 3369 716 3432 vel
741 3374 777 3433 ut
800 3373 875 3434 tunc
901 3371 1113 3455 loquebantur
1131 3371 1335 3459 Istephauus,
1360 3376 1461 3460 sepul·

316 3484 368 3543 tae
388 3477 508 3541 ibidem
528 3477 676 3560 coniugis
695 3478 886 3541 memoriam
901 3483 1146 3543 conservaturus
1162 3480 1320 3544 subscribi
1337 3482 1461 3566 aliquot

317 3605 427 3647 versus
451 3581 584 3665 ornavit,
608 3583 723 3666 quibus
748 3583 786 3646 ad
811 3584 899 3647 illius
924 3607 1049 3669 quoque
1069 3587 1216 3670 coniugis
1236 3587 1373 3652 libertos
1394 3611 1461 3673 per·

316 3693 418 3757 tinere
439 3689 577 3773 sepulcri
597 3712 690 3752 usum
711 3692 885 3774 separatim
905 3691 1039 3756 iuberet.
1065 3690 1125 3755 Sed
1146 3694 1192 3756 ita
1212 3716 1282 3757 cum
1298 3698 1329 3758 et
1348 3715 1462 3779 parurn

316 3799 474 3862 concinno
504 3796 614 3860 ordine
647 3801 717 3860 tota
750 3797 916 3880 inscriptio
946 3799 1143 3882 procederet,
1178 3804 1210 3863 et
1237 3823 1313 3864 vero
1341 3803 1462 3866 multae

316 3905 474 3988 obligatio
504 3925 520 3967 a
546 3904 657 3968 Zotico
688 3904 883 3968 constitutae
906 3928 946 3968 ne
969 3907 1147 3988 pertineret
1170 3908 1298 3992 quidem
1323 3909 1364 3972 ad
1389 3932 1462 3973 con·

316 4013 401 4096 iugis
420 4012 495 4075 illos
514 4012 659 4094 libertos,
683 4013 802 4096 quippe
822 4035 903 4095 (quae
923 4037 985 4077 non
1007 4015 1189 4099 subscripta
1210 4016 1263 4079 sed
1284 4018 1462 4100 praemissa

317 4125 416 4182 esset:
441 4118 571 4181 rescribi
596 4119 781 4182 uuiversum
805 4119 935 4182 titulum
956 4119 1138 4203 Stephanus
1164 4123 1275 4206 voluit,
1298 4123 1331 4188 in
1352 4146 1462 4188 unam·

317 4248 376 4310 quc
396 4225 645 4289 continuitatem
664 4225 783 4308 duplici
804 4226 1004 4290 dedicatione
1024 4229 1153 4294 redacta
1168 4252 1303 4313 pravum
1318 4229 1462 4294 ordinem

318 4330 490 4412 emendari,
510 4331 605 4393 simul
626 4335 731 4394 autem
752 4333 933 4397 accuratius
954 4335 1110 4415 quaedam
1127 4336 1252 4401 deliniri
1267 4359 1361 4421 quann
1377 4343 1462 4399 esset

318 4461 337 4504 a
365 4437 475 4504 Zotico
505 4438 635 4504 lactum.
688 4439 734 4503 At
761 4441 791 4504 id
824 4441 947 4526 negotii
982 4443 1031 4506 cui
1065 4444 1288 4530 demandarat,
1315 4447 1383 4508 tarn
1413 4442 1462 4506 vel
