3090 5118
520 383 728 432 mscELLEN.
1138 365 1202 430 765
1320 447 1325 458 Ι

74 570 118 638 13.
145 564 314 662 Syllnbus
341 565 566 639 indiciorum
592 565 784 660 potiorum
807 588 902 659 quac
924 565 972 637 ad
995 564 1205 637 definienda

193 695 364 784 tempora
391 691 679 784 inscriptionum
707 689 910 763 latinarum
938 690 1074 765 valent

155 843 286 914 (excluso,
304 846 336 898 ut
353 847 396 900 est
414 845 638 914 consentancum,
657 843 812 915 scripturae
830 860 932 914 genero
950 843 1108 912 cursivo).*)

70 969 94 1034 0
114 991 170 1054 pro
189 971 229 1055 V,
252 975 289 1037 ut
310 972 485 1056 plurimum
509 973 608 1038 ctiam
626 971 654 1036 Ε
679 995 739 1058 pro
762 971 792 1056 Ι,
814 957 849 1036 in
867 972 1082 1038 declinatione
1100 970 1203 1035 nomi·

128 1099 204 1142 uum
227 1077 475 1163 verborumque:
499 1101 628 1146 cessans
652 1079 738 1144 circa
760 1101 788 1143 a.
807 1079 879 1142 520.
892 1100 960 1164 sqq.

69 1179 228 1268 bligurao
252 1205 343 1249 usus:
365 1184 420 1250 diu
444 1191 610 1270 conatam,
632 1207 761 1250 cessans
786 1184 870 1250 circa
893 1207 921 1251 a.
940 1184 1125 1250 oto-580.

65 1303 167 1370 (ivel
189 1303 225 1374 ,0
249 1307 301 1372 vol
325 1307 359 1377 rb
382 1309 506 1394 figurae
530 1333 607 1376 usus

66 1411 90 1471 0
112 1414 160 1477 vol
184 1423 211 1479 0
235 1413 359 1500 figurae
382 1439 457 1481 usus

65 1511 234 1606 5figurae
257 1543 334 1586 usus

51 1599 113 1690 'XS
134 1627 250 1710 pron
273 1629 427 1714 simplici:
450 1652 516 1696 non
539 1634 614 1695 anto
637 1627 705 1697 Sl).
729 1631 767 1695 da
791 1629 1046 1696 Bacchanalibus
1070 1629 1174 1717 (568).

63 1731 245 1799 Geminatio
269 1737 530 1802 consonantium:
554 1738 642 1804 nulla
661 1743 736 1804 ante
749 1737 900 1821 Ennium,
921 1737 1023 1802 ferme
1042 1758 1080 1802 ax
1100 1759 1202 1821 aequo

123 1840 286 1906 fluctuans
310 1843 351 1908 ab
375 1867 403 1908 a.
427 1843 555 1909 circiter
573 1845 639 1910 580
663 1845 703 1910 ad
722 1845 797 1929 620,
819 1844 1008 1932 praevalens
1032 1845 1073 1909 sb
1093 1867 1120 1908 a.
1138 1844 1203 1909 620

121 1948 163 2012 ad
187 1949 265 2033 640,
288 1951 354 2016 sere
377 1955 528 2017 constans
551 1952 593 2017 ab
617 1975 645 2018 a
669 1951 797 2017 circiter
819 1951 893 2017 640.

57 2051 245 2120 Gaminatio
268 2057 442 2123 vocalium:
465 2059 555 2123 nulla
578 2061 653 2124 ante
676 2081 704 2124 a.
723 2059 798 2142 620,
821 2079 952 2124 cessans
974 2058 1060 2123 circa
1083 2079 1110 2123 a.
1130 2057 1204 2123 680.

57 2159 113 2236 Qv
145 2147 217 2252 pro¹
243 2161 300 2229 CV
332 2164 384 2229 rel
417 2163 518 2240 QVO:
553 2186 620 2231 non
655 2169 730 2230 ante
762 2187 791 2230 a.
821 2165 949 2231 circitor
980 2166 1046 2230 620
1081 2165 1205 2230 usitata

119 2269 295 2358 scriptura.

55 2367 85 2436 ΙἸ
107 2397 170 2459 pro
197 2373 236 2461 Ρ,
260 2376 317 2442 sed
340 2376 468 2462 angulis
491 2377 587 2462 plano
608 2378 719 2444 rectis:
742 2401 809 2445 non
827 2380 916 2444 ultra
933 2379 1020 2445 idem
1039 2379 1105 2445 sere
1123 2383 1204 2444 tem·
1291 2451 1296 2464 ³

118 2505 183 2567 pus
208 2487 375 2568 usurpata

661 1385 836 1447 numquam
873 1367 1039 1447 constans,
1074 1385 1203 1428 cessans

711 1471 796 1536 circa
818 1471 903 1536 idern
926 1474 1064 1556 tompus.

52 2585 198 2655 Omissio
224 2594 274 2663 ΛΛ
298 2593 332 2654 ot
354 2587 375 2654 S
399 2590 560 2656 finalium:
582 2613 712 2658 cessans
734 2593 820 2658 circa
843 2615 871 2660 a
889 2593 1075 2658 620—630.

51 2693 110 2758 OV
134 2719 197 2780 pro
224 2695 252 2761 Ο
276 2701 309 2762 et
330 2694 362 2759 V

50 2799 233 2868 Genetivus
258 2802 375 2868 tertiae
393 2803 471 2869 decl.
492 2805 526 2869 in
536 2803 590 2870 VS

116 2910 277 2976 desinens

46 3013 291 3082 Nominotivus
318 3017 399 3101 plur.
433 3017 591 3083 secundae

114 3123 201 3190 decl.
227 3125 263 3188 in
286 3121 309 3188 S
332 3124 482 3190 desinens
924 3181 930 3194 .
1155 3181 1162 3194 .

45 3227 268 3296 POPLICVS
292 3232 454 3316 seriptum
685 3184 742 3244 aut
761 3185 850 3245 certa
870 3185 994 3246 ratronc
1014 3179 1204 3264 cassandra).

44 3333 74 3398 V
108 3359 174 3420 pro
209 3335 269 3402 ΟΕ
299 3337 343 3402 ΟΙ
375 3340 410 3402 in
436 3358 545 3402 ourarc
577 3339 687 3404 simil:
719 3363 785 3416 non
817 3345 893 3406 anto
925 3342 1067 3407 medium
1096 3361 1205 3406 saccu-

112 3445 190 3509 lum
218 3443 291 3508 Vll.

41 3551 229 3636 Aspiratio
252 3551 512 3617 consonantium:
536 3551 626 3616 nulla
644 3555 720 3616 ante
739 3575 766 3618 a
781 3553 967 3638 650-660,
990 3555 1147 3620 fluctuans
1163 3553 1205 3618 ad

110 3681 142 3722 a.
169 3657 306 3722 circitor
330 3657 404 3744 700,
426 3657 492 3723 faro
516 3661 669 3724 constans
693 3659 733 3723 ab
757 3659 851 3726 initio
875 3661 994 3726 sacculi
1018 3659 1107 3725 Vlll.

36 3753 55 3827 I
79 3765 216 3852 longae
239 3787 329 3831 usus:
352 3765 461 3832 nullus
484 3769 560 3831 anta
583 3769 731 3850 tempora
754 3765 895 3835 Sullana

37 3873 162 3956 Apicis
190 3895 288 3938 usus:
312 3873 419 3938 nullus
442 3878 516 3940 auto
539 3878 687 3959 tempora
709 3873 913 3940 Caesariana.

36 3977 69 4044 Y
93 3979 244 4046 litteras
266 4001 356 4045 usus:
384 3981 493 4047 nullus
520 3980 665 4067 (practer
687 4003 788 4046 unum
812 3977 1009 4065 exemplum)
1038 3982 1113 4044 ante
1141 3979 1206 4044 cxi·

108 4091 192 4150 tum
221 4085 342 4150 sacculi
365 4084 437 4151 Vll.
804 4069 809 4081 ⁸

619 2775 683 2818 non
706 2753 772 2820 fero
796 2757 853 2819 aut
874 2775 939 2819 non
959 2753 1098 2819 multum
1117 2754 1203 2817 ultra

685 2861 826 2926 medium
851 2862 1014 2927 saeculum
1034 2859 1099 2927 VII
1118 2857 1160 2946 (si
1184 2883 1204 2926 a

684 2967 890 3051 paucioribus
921 2967 1112 3054 quibusdam
1141 2966 1204 3031 dis·

685 3074 819 3138 cesseris
843 3078 899 3140 aut
917 3075 1003 3140 casui
1022 3073 1203 3139 tribuendis

132 4261 164 4330 ⁸)
195 4259 322 4332 [Priscae
354 4260 503 4318 latinitatis
535 4265 716 4318 monumenta
747 4261 929 4334 epigraphica
961 4263 1061 4332 (lasa)
1095 4259 1204 4316 Indicas

31 4350 258 4422 p.123.124.]
1057 4377 1061 4384 -

513 4479 687 4485 ————
706 4477 751 4484 .—-
