2972 5120
310 367 376 432 550
547 381 692 430 PRISCAE
715 380 939 427 LATINITATIS
964 379 1212 426 EPIGBAPIIICAE

309 527 382 590 nale
406 527 574 610 vulgatam
598 523 646 610 (C.
669 524 694 588 I.
718 522 753 588 L.
777 523 792 587 Ι
816 546 846 606 p.
869 523 932 587 196
956 544 987 586 n.
1007 522 1073 586 720
1098 521 1225 603 [Ritscbl
1241 519 1326 584 Tess.
1348 519 1417 602 glarl
1485 558 1486 561 =

311 657 340 696 n.
361 629 425 717 ill:
1485 640 1486 667 l

536 803 539 810 ·
670 761 1086 827 PILOTIMVS

722 913 754 976 H
778 914 805 978 Ο
831 913 852 978 S
877 914 903 977 Τ
928 914 943 977 Ι
969 914 1033 978 LI

616 1024 874 1130 ‘arins
899 1024 1139 1131 iiix*

616 1174 847 1280 ‘'p‘ssffip
863 1176 879 1265 ⁴-
904 1177 992 1281 cu·
1013 1175 1141 1281 onu—

311 1411 462 1475 Possidet
489 1416 598 1476 autem
626 1412 768 1494 priorem
791 1413 883 1477 illam
911 1412 961 1476 vir
990 1411 1209 1476 nobilissimus
1239 1409 1379 1474 Brunet
1401 1409 1432 1470 de
1483 1381 1484 1412 Ξ

311 1517 445 1582 Presle
469 1517 644 1602 Parisinus,
668 1542 686 1582 a
706 1541 769 1603 quo
794 1522 959 1602 acceptam
979 1519 1097 1584 eximia
1116 1519 1268 1583 comitate
1290 1517 1434 1581 meumin
1483 1581 1484 1586 ,

311 1647 406 1689 usum
438 1624 525 1688 illius
559 1625 693 1711 conlega
725 1625 923 1691 clarissimus
956 1625 1147 1689 Aemilius
1178 1623 1306 1708 Egger
1338 1627 1435 1705 ectvp·

312 1732 481 1796 chartaceo
505 1731 672 1814 expressit.
705 1730 809 1806 Quam
832 1731 888 1795 ubi
911 1753 978 1796 non
997 1753 1066 1796 esse
1088 1733 1262 1796 eburneam
1282 1753 1437 1795 osseamre.
1483 1757 1484 1760 ¹

312 1839 365 1902 sed
391 1859 519 1902 aeream
542 1859 723 1920 narravere,
746 1837 840 1902 facilc
864 1838 1036 1922 praevideo
1061 1859 1157 1922 quarn
1180 1837 1213 1902 id
1232 1836 1277 1900 sit
1295 1837 1436 1920 plerisque

312 1944 521 2027 suspitiosum
551 1942 703 2006 visurum.
754 1941 802 2006 Dc
830 1965 895 2007 una
923 1943 1026 2008 adhuc
1053 1965 1149 2008 aerea
1176 1945 1349 2008 constabat
1376 1965 1438 2027 qnae

312 2055 361 2114 est
385 2050 528 2113 thesauri
552 2049 727 2112 nummarii
746 2048 887 2113 Parisini
911 2071 983 2113 cum
1002 2049 1204 2115 bibliotheca
1222 2051 1391 2130 coniuncti,
1410 2047 1437 2112 al
1477 2088 1482 2131 ἰ

311 2179 420 2220 verum
444 2159 688 2240 repraesentata
711 2155 744 2220 P.
764 2155 799 2220 L.
818 2155 860 2219 M.
880 2155 916 2220 Ε.
941 2156 1007 2220 tab.
1025 2155 1149 2221 XCVII
1173 2157 1232 2220 sub
1252 2157 1295 2221 H
1313 2155 1364 2243 (C.
1382 2155 1439 2221 ll.
1476 2144 1483 2230 l

311 2263 326 2326 Ι
350 2263 432 2328 Add.
455 2286 485 2346 p.
505 2264 571 2327 560
596 2262 698 2343 [Tess.
723 2262 808 2347 glad.
831 2285 861 2326 n.
881 2263 901 2326 3
925 2263 1034 2346 ibique
1058 2264 1123 2326 tab.
1141 2262 1191 2327 111
1211 2264 1290 2346 BD:
1478 2252 1482 2267 ¹

673 2449 759 2513 D·
814 2447 1088 2513 IVNIVS

616 2558 703 2662 *ii
729 2559 818 2664 aa
846 2557 1125 2664 ir‘n'i‘v‘s‘

617 2711 824 2816 ''scacu
853 2787 860 2799 ·
889 2710 1089 2816 ulmi

615 2860 643 2867 ⁸
671 2861 720 2964 ri
742 2862 892 2966 carin
931 2903 957 2978 o
997 2901 1089 2967 cir

311 3083 350 3146 tle
374 3105 438 3164 qua
462 3082 506 3145 sio
535 3081 778 3146 commentabar
804 3079 919 3144 Enarr.
942 3103 971 3163 p.
992 3080 1047 3144 90:
1078 3063 1241 3144 ‘Dubitari
1271 3081 1325 3143 vix
1359 3099 1444 3164 potest
1483 3082 1484 3089 ’

313 3189 390 3271 quin
414 3209 479 3252 non
504 3190 547 3252 sit
571 3211 608 3251 ex
632 3187 827 3270 antiquitate
851 3186 989 3270 prodita,
1013 3186 1069 3250 sed
1091 3185 1218 3250 novicio
1242 3187 1389 3252 artificio
1408 3186 1444 3248 tri-

312 3294 453 3376 buenda,
486 3299 522 3358 ut
551 3317 631 3378 quac
660 3316 700 3356 ne
730 3316 823 3357 ossea
850 3293 978 3376 quidem
1009 3294 1053 3356 sit
1082 3293 1132 3357 vel
1161 3292 1314 3376 eburnea,
1351 3317 1443 3358 vern.

312 3422 375 3464 uno
401 3401 470 3465 solo
494 3401 527 3465 in
551 3401 665 3464 ceteris
691 3400 840 3464 omnibus
861 3400 1007 3482 exemplo
1027 3421 1129 3463 aerea.
1167 3397 1376 3484 Quamquam
1396 3403 1444 3464 fieri

312 3511 421 3591 potest
445 3511 480 3571 ut
503 3513 594 3572 vetus
619 3507 830 3590 archetypum
854 3528 982 3570 osseum
1011 3506 1078 3570 sive
1105 3505 1258 3570 falsarius
1288 3506 1360 3570 sive
1385 3507 1443 3570 lali

313 3615 438 3678 bandus
463 3615 555 3678 faber
579 3614 725 3677 imitatus
750 3611 813 3676 sit?
845 3613 890 3676 Et
912 3613 996 3677 hano
1015 3613 1143 3697 quidem
1163 3612 1355 3677 defendendi
1378 3616 1443 3678 vir„

312 3725 349 3785 ut
378 3722 418 3784 ab
442 3721 589 3784 llcrmcti
617 3725 739 3784 tessera
767 3720 968 3803 gravissimis
999 3720 1038 3784 de
1066 3721 1187 3784 caussis
1218 3741 1288 3784 esse
1316 3721 1442 3784 aliena:

312 3849 397 3891 nunc
420 3828 585 3911 intellego,
608 3827 655 3890 ita
680 3827 821 3910 apprime
845 3827 958 3891 cadere
983 3827 1016 3892 in
1035 3827 1235 3892 Prcslianem
1258 3827 1443 3892 confidenter
1482 3871 1483 3878 .

258 3933 450 4000 xnaffirmo.
485 3932 629 3995 Primum
654 3933 740 3995 enim
763 3932 838 3995 huic
862 3934 985 3997 adnexa
1002 3933 1035 3996 in
1055 3956 1167 3998 musco
1187 3933 1357 3997 Presliano
1381 3951 1442 3995 nou

313 4039 529 4123 chirographo
555 4044 695 4103 testatur
718 4041 888 4120 corruptum
911 4061 973 4104 esse
994 4041 1149 4123 archetypi
1170 4041 1209 4106 ab
1227 4040 1333 4103 abbae
1348 4040 1431 4104 oa:

311 4147 456 4227 Philippo
471 4147 620 4229 Corripiou
648 4148 683 4210 dc
699 4147 816 4210 Tcrsun
834 4149 967 4228 possessi
990 4144 1044 4232 (de
1067 4169 1130 4230 quo
1153 4169 1218 4210 non
1241 4147 1377 4230 ignobili
1400 4167 1442 4206 rs·

313 4254 454 4336 tiquario
479 4254 549 4317 vide
570 4253 801 4337 ‘Biographiae
825 4252 1028 4318 universalis'
1051 4258 1074 4316 t.
1092 4251 1181 4316 XLV
1206 4275 1234 4336 p.
1252 4251 1343 4336 195):
1370 4249 1440 4334 qaod

312 4359 520 4442 archetypum
551 4360 628 4443 quid
652 4361 786 4443 impedit
805 4360 976 4444 quominus
1001 4381 1128 4425 osseum
1147 4359 1247 4424 fuisse
1265 4358 1439 4423 credamne

312 4463 373 4528 Sed
394 4466 491 4530 etiam
519 4468 673 4531 maiorem
697 4466 793 4531 fidem
816 4467 897 4530 facit
919 4467 992 4549 ipsa
1014 4471 1153 4531 tesserae
1173 4463 1351 4549 inscriptio,
1373 4485 1434 4548 quse
