3008 5118
328 320 392 384 288
650 340 697 384 aa
722 338 918 386 riourmavs
942 338 1151 386 arrraasrrs

328 479 419 542 cuius
448 481 628 562 scripturae
657 481 884 564 antiquitatem
914 482 985 562 ipsa
1013 479 1091 545 COS
1119 485 1200 544 nota
1227 483 1352 542 testatur
1377 499 1431 541 con·

328 591 417 650 stans
442 609 499 670 per
519 586 627 650 omnia
646 586 783 650 saccula.
814 585 936 661 Quodsi
955 589 1026 670 qais
1046 609 1112 652 non
1132 587 1318 650 successisse
1334 584 1431 648 demun

327 714 407 756 com
441 693 577 756 formam
608 693 782 775 antiquiori
815 715 926 776 quom
956 698 1147 776 scripturae,
1181 692 1237 756 sed
1269 693 1334 774 pari
1361 696 1433 774 atquc
1492 730 1495 756 ι,

325 797 409 862 hanc
432 797 626 881 antiquitate
651 820 721 862 esse
741 799 956 881 contenderit,
980 800 1099 883 dequo
1120 799 1286 864 fatendum
1307 803 1351 862 est
1365 820 1435 880 posse
1489 840 1494 851 -

326 905 359 968 iu
383 909 553 988 utramque
577 910 703 988 partera
728 908 854 970 sentiri:
883 911 916 970 at
939 909 1002 971 iste
1026 906 1154 991 quidem
1178 905 1345 971 concedere
1369 905 1436 967 debe
1488 906 1493 921 ¹

326 1012 437 1075 bitae
461 1011 522 1074 boc
546 1012 674 1094 quidem
698 1013 773 1077 sciri
799 1035 902 1096 posse,
926 1035 1003 1076 num
1028 1015 1111 1077 forte
1136 1035 1247 1077 accos
1276 1035 1337 1076 non
1357 1013 1437 1074 minus

326 1123 493 1202 antiquum
526 1119 570 1181 sit
603 1140 699 1201 quam
733 1135 882 1202 aequos.
929 1119 967 1181 In
997 1141 1060 1201 quo
1092 1139 1209 1202 genere
1241 1125 1278 1182 ut
1308 1119 1437 1183 nescimus

325 1225 440 1305 multa,
468 1226 514 1288 ita
545 1225 682 1288 multum
707 1226 867 1288 variatum
895 1225 1149 1310 fluctuatuinque
1183 1248 1254 1289 esse
1283 1227 1437 1309 priusquam

324 1330 364 1393 ad
398 1332 548 1396 stabilem
582 1332 847 1395 consuetudinem
885 1332 1120 1414 perveniretur,
1159 1332 1253 1396 valde
1292 1331 1438 1416 singularia

324 1438 470 1520 exempla
490 1437 646 1522 quaedam
666 1438 795 1501 docent:
820 1439 908 1502 velut
927 1437 1168 1514 MIRQVRIOS
1187 1440 1268 1503 illud
1287 1441 1319 1503 in
1337 1438 1437 1522 speculo

323 1566 409 1608 nurrc
432 1544 634 1608 Berolincnsi
660 1543 707 1623 [O.
727 1544 752 1607 l.
771 1543 804 1607 L.
828 1544 844 1606 l
868 1567 897 1608 n.
913 1547 968 1626 593
992 1545 1025 1609 P.
1045 1546 1079 1610 L.
1097 1545 1140 1610 M.
1160 1545 1197 1609 E.
1217 1547 1283 1610 tab.
1301 1546 1386 1625 ΙΙ),
1404 1549 1435 1606 at-

324 1672 384 1734 que
408 1651 487 1714 adeo
513 1651 545 1714 in
571 1649 627 1715 SO.
652 1650 689 1713 de
706 1650 920 1715 Bacaualibus
946 1653 1027 1716 mira
1046 1651 1277 1728 OQVOLTOD
1300 1652 1436 1733 scriptura

325 1756 447 1831 Quibus
476 1759 572 1842 longe
597 1757 814 1822 commodiora
839 1759 1050 1842 gravioraque
1073 1759 1112 1823 ad
1137 1762 1283 1823 nostram
1306 1757 1437 1842 quaestio-

323 1885 396 1926 nem
421 1864 478 1928 illa
502 1867 621 1946 essent,
651 1864 683 1926 in
709 1866 904 1928 contrariam
930 1870 1004 1948 part
1006 1887 1056 1928 em
1080 1865 1200 1929 valent
1176 1869 1236 1947 tra,
1264 1887 1341 1948 quae
1362 1862 1436 1926 Lach-

323 1991 459 2033 mannus
483 1969 623 2034 Lucret'
586 1974 626 2033 ιιι
649 1993 678 2052 p.
699 1970 764 2033 220
788 1971 970 2053 composuit
992 1993 1050 2055 per
1073 1993 1088 2036 c
1111 1972 1246 2054 scripta:
1274 1993 1389 2035 corum
1407 1991 1438 2032 ro

323 2098 365 2139 ca
389 2076 546 2140 eandam
570 2076 775 2140 carundam
800 2078 902 2142 alico
926 2078 1096 2160 condam,
1120 2077 1184 2141 nisi
1204 2100 1243 2141 ea
1262 2100 1324 2142 non
1341 2097 1438 2140 exmo-

323 2183 485 2247 numcntis
505 2183 608 2267 petita
627 2188 735 2247 essent
722 2183 813 2247 tsed
837 2207 856 2247 a
876 2183 1017 2248 librariis
1040 2188 1187 2266 accepta:
1212 2187 1256 2260 ut,
1280 2185 1439 2267 quaaeuu

323 2290 398 2353 talis
422 2291 582 2374 scriptura
602 2312 703 2374 quove
728 2294 857 2354 auctore
881 2290 1065 2371 invaluerit,
1089 2294 1173 2353 teste
1197 2290 1286 2354 nullo
1310 2294 1424 2354 constet

412 2394 563 2461 Ceterum
587 2396 707 2460 cultum
732 2396 863 2460 deorum
888 2397 1032 2461 omnium
1055 2398 1088 2460 in
1112 2396 1162 2459 his
1186 2397 1310 2477 poculis
1332 2395 1438 2476 inscrip-

322 2507 429 2567 torum
453 2503 714 2585 antiquissimum
737 2503 839 2566 luisse
864 2503 984 2586 partim
1003 2503 1168 2586 proditum
1187 2507 1238 2567 est
1257 2504 1368 2586 partim
1384 2521 1438 2564 con·
1484 2510 1488 2519 '

322 2614 522 2673 seutaneum.
558 2609 603 2672 Et
626 2608 874 2690 AequItatem
900 2608 1028 2693 quidem
1053 2608 1144 2672 deam
1168 2610 1258 2673 iuxta
1278 2607 1438 2674 cumVicto·

322 2717 371 2779 ria
403 2717 499 2800 Pace,
536 2717 613 2779 item
651 2715 778 2778 Pietate
811 2713 991 2779 Concordia
1029 2714 1140 2778 Salute
1173 2715 1306 2780 Honore
1336 2713 1439 2778 Virtute

323 2822 493 2888 Felicitate
516 2824 748 2887 commemorat
772 2821 935 2885 Arnobius
960 2821 1030 2884 adv.
1054 2825 1118 2886 nat.
1142 2819 1199 2898 IV,
1222 2825 1253 2884 1:
1285 2814 1437 2886 SIGNVII·

322 2928 563 3004 AEQVlTaul
568 2927 588 2991 S
613 2929 739 2992 dicatur
763 2927 844 2992 intr
820 2929 915 2992 t'tulo
940 2927 1149 2992 Praenestino
1172 2927 1302 2992 Gruterl
1324 2951 1351 3011 p
1367 2921 1438 3000 lli3

324 3034 448 3098 Salut'
420 3040 450 3098 ιι
478 3035 588 3098 aedem
613 3055 697 3098 anno
718 3032 884 3098 ODXLIII
852 3035 960 3098 Htvo
962 3057 1014 3098 am
1038 3032 1110 3099 aS.
1129 3034 1222 3098 Iunio
1241 3034 1392 3112 Bubulco,
1409 3029 1438 3092 ab

324 3143 435 3206 codem
455 3141 542 3204 loca
529 3145 597 3204 am
617 3162 686 3204 esse
707 3163 733 3204 a.
750 3139 942 3224 ODXLVII,
966 3140 1148 3205 dedicatam
1172 3165 1199 3205 a
1220 3140 1337 3206 CDLII
1354 3137 1438 3203 Liuius

325 3247 426 3310 tradit
448 3245 503 3326 IX,
522 3248 564 3310 43
590 3253 622 3310 ιι
645 3246 683 3329 Χ,
707 3249 732 3329 1,
756 3247 890 3329 picturis
916 3251 1062 3310 ornatam
1088 3247 1229 3312 aFabio
1254 3247 1375 3311 Pictore
1393 3240 1438 3307 Pli·

284 3372 310 3410 *5
324 3353 396 3417 nius
416 3351 456 3416 N.
470 3352 510 3416 H.
526 3352 658 3434 XXXV,
677 3357 707 3436 4,
728 3355 760 3416 7:
785 3353 993 3436 eandemque,
1017 3353 1100 3416 unde
1123 3359 1156 3416 et
1179 3353 1272 3417 colli
1296 3345 1438 3418 Salutari

324 3466 355 3524 et
379 3466 512 3544 portae
538 3459 712 3524 Salutari
736 3483 851 3524 nomen
877 3457 931 3543 (de
950 3461 1066 3543 quibus
1086 3465 1170 3524 recte
1186 3458 1345 3524 Beckerus
1363 3453 1436 3522 sensil
1489 3538 1494 3551 Ι

322 3567 431 3652 Antiq.
451 3568 542 3632 Rom.
566 3568 582 3630 I
605 3590 635 3650 p.
659 3567 717 3630 131
745 3570 777 3630 et
801 3565 893 3651 578),
928 3567 960 3630 in
983 3567 1164 3652 Argeorum
1188 3567 1352 3631 sacrificiis
1377 3581 1437 3628 coa·
1488 3572 1496 3609 ι

324 3679 536 3739 memoratam
560 3673 666 3738 Varro
694 3673 835 3756 repperit
864 3672 901 3736 dc
925 3673 946 3736 l.
970 3673 1024 3737 lat.
1044 3672 1083 3756 V,
1103 3672 1159 3738 52:
1192 3672 1243 3736 cui
1268 3673 1343 3738 deae
1364 3671 1437 3735 etiam

323 3781 561 3846 Pisaurensiam
586 3781 754 3844 titulorum
778 3780 908 3843 illorum
932 3802 1013 3843 unus
1037 3778 1238 3864 (SALVTE)
1262 3780 1378 3844 dicatus
1397 3782 1438 3848 est,

324 3889 378 3971 qui
402 3889 492 3952 nulla
520 3887 679 3951 dubitatio
709 3892 759 3949 est
787 3886 866 3969 quin
894 3891 1020 3950 sextam
1050 3885 1214 3949 saeculum
1246 3889 1348 3949 aetate
1369 3899 1436 3962 supe

323 4009 404 4058 rent.
451 3993 657 4057 Lavernali
685 3996 799 4075 portae
830 3990 881 4054 ‘ab
907 4014 963 4055 ara
987 3991 1199 4073 Lavernae,
1232 3990 1315 4074 qaod
1337 3988 1436 4052 ibim

323 4097 403 4163 eins’
427 4123 544 4166 nomon
568 4099 706 4162 inditum
731 4099 815 4162 idem
840 4095 944 4162 Varro
969 4097 1145 4179 scribitV‚
1167 4098 1244 4181 163,
1271 4097 1320 4162 cui
1340 4087 1434 4160 accedil

324 4205 436 4268 leatus
466 4206 559 4269 lauli
589 4228 618 4288 p
641 4207 701 4268 117
722 4204 777 4269 Ma
806 4203 888 4266 unde
917 4204 955 4267 de
980 4205 1176 4288 antiquitate
1200 4204 1267 4269 eius
1297 4203 1376 4280 deae,
1399 4194 1434 4256 fu·

322 4334 394 4374 rum
418 4317 573 4394 patronae
598 4310 711 4373 Plauto
740 4309 839 4394 (apud
864 4309 1060 4394 Noniump.
1082 4309 1174 4396 134),
1203 4309 1306 4374 Novio
1328 4302 1432 4390 (ibidem

323 4415 465 4508 plats),
493 4417 644 4498 Horatio,
675 4416 862 4480 Arnobiot
849 4418 1000 4500 testibuS,
1033 4419 1101 4482 fieri
1136 4418 1316 4483 coniectura
1341 4415 1433 4494 polest

1499 4351 1502 4468 l
