3108 5142
307 279 345 341 12
618 295 837 343 seremnarvu
862 297 1136 343 nerenueuievn.

304 441 335 518 Γ
368 442 1168 518 .,,.-ῗ,,,-,ῌ,.ᾼ,.-,.,.,,..-,
1195 441 1426 491 ——ffl'

400 511 1345 571 nauorvro-requisensio-vinusir-xxuiroruumvmr:
1424 528 1427 623 1

331 620 1411 667 Λωτιιις·ωιιψιΧΆΝΝιΧιΧ·ΛΜι»ιυΛ·ΛΜιἰ,ιΛίἈ·ΜΑἹἘΜιιμοΑκι55
1426 640 1427 653 1
1440 601 1468 660 lo

336 707 341 720 ‘
582 727 1063 774 'rnourvu-uvir-eimo-onustus
1076 747 1082 758 ·
1094 730 1134 774 o·
1160 730 1224 775 sn

331 839 540 845 --—----—--—·
552 840 562 843 -
573 840 586 844 -
600 839 844 844 —--—-—-——-———-
862 839 874 844 ι
894 839 943 844 ---
962 839 1018 844 --ν-
1032 839 1158 846 -—‹--
1355 842 1367 847 -
1384 840 1427 848 -.-

300 980 411 1043 Verba
434 979 497 1063 ipsi
522 1002 596 1044 arae
620 980 777 1062 inscripta
800 980 854 1044 diu
878 985 928 1044 est
952 1003 1023 1044 eum
1047 980 1219 1045 Fabrettus
1244 982 1385 1066 vulgavit
1400 981 1432 1061 X,
1521 1003 1527 1018 *

301 1088 379 1170 401,
411 1087 481 1150 basi
505 1087 661 1169 inscripta
684 1087 828 1151 nondum
851 1089 1068 1152 innotuerunt.
1115 1089 1222 1172 Atque
1246 1086 1432 1172 apparetur]
1525 1157 1526 1161 Ἰ

301 1193 435 1256 eandem
463 1193 650 1257 Ambiviam
685 1193 752 1257 sive
786 1199 914 1278 gentem
948 1195 1014 1258 sive
1046 1193 1206 1260 familiam
1238 1193 1323 1257 hune
1351 1196 1434 1275 atquo

301 1299 393 1363 illum
417 1299 549 1364 titulum
578 1301 751 1383 pertinere:
781 1305 818 1365 ut
840 1301 978 1365 fortasse
1004 1302 1105 1384 ipsius
1129 1301 1250 1383 Publii,
1279 1301 1334 1384 qui
1357 1321 1434 1362 aram
1494 1378 1495 1382 Ἰ

301 1407 447 1471 llermeti
472 1408 555 1490 patri
579 1411 612 1470 et
630 1408 791 1472 lueundae
811 1407 913 1472 sorori
933 1413 1096 1491 posuerat,
1119 1406 1262 1490 Amphio
1280 1407 1436 1490 Ampliata

301 1515 416 1580 coniux
440 1515 547 1596 fuerit,
571 1515 658 1579 filius
683 1519 791 1579 autem
815 1515 939 1578 Festus.
986 1515 1024 1579 V.
1049 1517 1068 1579 6
1093 1517 1179 1598 apud
1202 1515 1298 1579 Fabr.
1322 1534 1435 1597 expres·

300 1645 371 1687 snm
400 1627 449 1686 est
473 1622 596 1686 LXVII
624 1645 682 1706 pro
708 1621 809 1705 LXV,
839 1622 1028 1706 diligentius
1059 1627 1095 1686 ut
1123 1621 1217 1685 facile
1245 1621 1437 1706 perspicitur.
1524 1701 1525 1706 η

300 1729 362 1794 Sed
382 1730 467 1814 quod
487 1729 572 1793 idem
592 1752 619 1793 v.
640 1729 716 1793 ΤΡ·
731 1727 882 1813 Miliaria)
901 1729 1035 1812 praebet
1054 1752 1112 1812 pro
1131 1727 1307 1814 Prono),
1328 1728 1437 1808 discep-

300 1838 363 1900 tari
392 1837 424 1899 in
459 1838 629 1918 utramque
661 1841 786 1919 partem
815 1841 931 1919 potest.
971 1836 1045 1900 Etsi
1070 1836 1156 1900 enim
1179 1836 1334 1901 libertino
1358 1840 1439 1918 patre

299 1947 376 2007 nata
408 1964 475 2006 non
511 1943 575 2005 fuit
611 1925 800 2026 libertinas
823 1947 931 2008 tamen
965 1945 1072 2026 potuit
1105 1947 1179 2008 ante
1212 1943 1437 2007 manumissum

298 2052 426 2134 patrem
450 2049 527 2132 filia,
550 2055 666 2132 postea
689 2050 816 2113 demum
837 2051 922 2113 filius
946 2051 1046 2132 nasei,
1070 2051 1103 2113 in
1129 2049 1314 2114 libertatem
1340 2053 1438 2115 autem

299 2158 356 2222 illa
389 2157 485 2220 simul
525 2179 597 2221 eum
625 2157 778 2221 Hermete
816 2161 910 2240 patre
942 2157 1051 2221 vocari
1085 2181 1103 2221 a
1136 2159 1251 2222 Publio
1285 2157 1440 2222 Ambivio.

300 2266 503 2348 Quamquam
522 2286 587 2328 non
606 2263 706 2328 habet
724 2265 785 2328 hoo
804 2287 880 2328 saue
896 2264 1033 2327 multum
1049 2265 1301 2347 probabilitatis.
1327 2264 1441 2330 Contra

299 2374 333 2436 in
367 2371 439 2435 basi
470 2377 721 2436 commemorata
751 2371 904 2436 Ambivio
932 2370 1062 2456 Agathe
1091 2373 1217 2435 violetur
1249 2373 1381 2456 quidem
1414 2373 1441 2432 et

301 2477 454 2541 libertina
478 2478 540 2541 diei
565 2481 597 2540 et
616 2478 803 2562 Ampliatae
822 2477 898 2540 lilia.
932 2477 1032 2562 Atqui
1051 2478 1113 2543 hue
1133 2479 1372 2543 accommodari
1390 2477 1442 2541 illa

300 2584 484 2668 explicandi
508 2585 591 2648 ratio
616 2585 762 2668 plurimis
787 2584 825 2647 de
849 2585 972 2649 caussis
996 2586 1115 2667 nequit.
1160 2585 1349 2649 Tenendum
1369 2581 1443 2649 illud

299 2697 349 2756 est
373 2693 546 2777 imprime,
573 2696 654 2757 natu
684 2693 840 2756 minorem
871 2691 1021 2776 Agathan
1051 2715 1147 2777 quam
1175 2691 1310 2756 Festum
1339 2691 1442 2756 fuisse.
1531 2753 1532 2776 q

299 2800 553 2866 (lomminiseare
581 2800 748 2883 complura
776 2799 871 2882 lieet,
901 2823 982 2883 quae
1008 2803 1086 2882 quot
1110 2799 1320 2864 difficultates
1345 2821 1442 2863 remo·

299 2933 372 2974 vere
401 2909 585 2988 videantur,
618 2910 668 2970 tot
695 2929 796 2970 novas
830 2912 938 2970 creent
966 2906 1177 2990 redarguique
1206 2907 1444 2971 evidentissime
1531 2901 1532 2906 ’

299 3016 437 3098 possint:
462 3037 525 3097 quo
549 3014 713 3096 pertinent
737 3014 843 3096 etiam,
867 3038 948 3098 quae
972 3014 1095 3078 erudite
1120 3019 1151 3077 et
1175 3039 1232 3078 suo
1256 3015 1329 3079 loeo
1350 3014 1431 3098 aptis

299 3123 382 3185 sima
407 3122 445 3184 de
471 3121 631 3184 similibus
653 3119 826 3184 Fabrettus
850 3121 1031 3205 disputavit
1055 3145 1083 3204 p.
1105 3123 1122 3183 l
1144 3144 1212 3204 sqq.
1250 3121 1360 3185 Vnum
1381 3127 1445 3186 tan·

299 3232 367 3292 tum
392 3232 482 3312 patet
506 3227 699 3311 perfugium,
723 3232 760 3291 ut
779 3227 922 3290 Ambivii
942 3227 1032 3291 Festi
1057 3229 1158 3311 ipsius
1178 3227 1296 3292 liberta
1316 3227 1445 3311 Agathe

298 3337 402 3415 fuerit
426 3357 490 3398 non
515 3334 613 3397 fuerit
632 3334 699 3397 lilia
718 3334 912 3417 Ampliatae.
942 3333 1080 3398 Constat
1099 3335 1184 3397 enim
1205 3357 1315 3398 serras
1336 3357 1444 3398 manu·

301 3442 387 3506 mitti
408 3442 529 3524 solitas,
554 3464 617 3523 quo
641 3440 681 3504 ab
702 3441 780 3524 ipsis
807 3442 869 3504 eris
895 3441 1093 3505 ducerentur.
1127 3441 1375 3504 Gemestarium
1391 3442 1446 3520 est,
1531 3509 1532 3528 χ

297 3549 365 3613 FlL
385 3585 391 3598 ·
412 3546 562 3613 OAltle'
586 3570 651 3611 non
675 3548 782 3611 villere
805 3550 881 3628 tiliis
900 3550 1069 3611 ooo'oioo's
1087 3547 1166 3630 (non
1185 3548 1269 3611 enim
1290 3547 1338 3610 ita
1359 3546 1444 3630 loqui

297 3656 422 3720 lioitom
446 3653 626 3740 ltomanis),
651 3655 706 3718 sed
728 3656 794 3736 lilio
817 3656 985 3718 carissimo.
1022 3655 1163 3730 Quorum
1183 3654 1358 3717 verboram
1383 3652 1445 3716 eol·

295 3763 415 3827 locatio
440 3764 598 3827 censenda
627 3768 676 3827 est
701 3787 738 3826 ex
763 3764 865 3845 ipsius
890 3763 1007 3825 {aflectu
1032 3762 1231 3845 ampliatae,
1255 3783 1339 3845 quue
1365 3762 1446 3824 boue
1531 3751 1532 3796 i

297 3869 407 3933 volens
437 3871 531 3934 nurui
553 3847 708 3954 ¹proximo
742 3870 870 3933 vinculo
901 3871 1009 3933 uxoris
1044 3891 1115 3933 eum
1149 3869 1257 3932 mariti
1287 3867 1447 3932 memoria
1531 3853 1532 3886 ³

295 3975 489 4059 iungendam
514 3982 652 4058 putaret.
673 4016 712 4022 --
734 3977 828 4042 Nune
852 3980 959 4039 autem
985 3978 1118 4040 ulterius
1144 3977 1240 4038 etiam
1259 3976 1447 4059 progredia-

296 4106 380 4166 mur,
409 4087 439 4146 et
469 4106 550 4166 <lirae
580 4107 658 4148 uxor
687 4085 783 4148 luerit
808 4083 970 4147 llormetis
1000 4084 1116 4166 quitris,
1153 4087 1255 4145 mater
1284 4083 1391 4166 igitur
1414 4083 1448 4146 P.

298 4189 440 4253 Ambivii
464 4189 498 4253 P.
527 4189 560 4252 F.
589 4188 761 4274 llermelis‚
789 4191 952 4274 probabili
981 4196 1016 4255 ut
1040 4192 1235 4255 arbitramur
1259 4191 1447 4254 coniectura

296 4299 486 4380 aporiamus.
524 4296 642 4361 Exstat
666 4299 950 4378 coniunctissimus
976 4322 1047 4362 rum
1067 4303 1180 4362 nostro
1202 4298 1286 4380 apud
1306 4300 1448 4363 ernnlem

296 4405 485 4470 Fabreltum
515 4405 562 4489 X,
597 4407 660 4470 aab
690 4406 803 4468 titulus
833 4407 896 4470 hio:
935 4405 1239 4472 llllnllANleS
1270 4405 1448 4469 l'nlllll-
