2972 5120
402 405 683 456 sveenaansuva
707 407 754 453 111.
1085 387 1149 453 537

36 571 138 634 susque
163 549 414 635 respondissent,
442 549 567 634 aliquot
598 551 707 614 tamen
736 548 829 614 annis
857 548 1036 614 interiectis
1064 552 1151 632 post·

36 677 113 738 quam
132 678 187 740 per
204 656 469 722 exercitationum
490 655 770 741 epigrapbicarum
789 655 974 720 occasiones
994 655 1150 720 academi-

35 783 77 824 cas
97 761 148 826 illa
168 763 237 848 ipse
256 766 373 848 ectypa
390 763 566 828 multorum
586 761 735 826 manibus
759 765 900 826 tractata
923 763 1018 845 atque
1042 761 1152 846 aliqua

34 887 62 929 ex
80 871 163 950 parte
183 867 300 932 detrita
318 873 406 954 sunt,
428 890 531 954 pauca
550 867 707 953 quaedam
726 869 776 932 vel
795 869 875 932 mihi
895 867 946 932 vel
966 868 1150 932 adulescen-

33 971 103 1036 tibus
133 975 207 1038 meis
240 976 350 1060 paullo
381 976 476 1040 aliter
508 975 646 1060 legenda
677 997 748 1040 ease
778 975 848 1040 visa
881 979 957 1040 sunt
985 981 1082 1060 atque
1109 977 1151 1040 ab

32 1078 108 1144 initio
129 1079 246 1146 sactum
271 1087 364 1147 esset.
400 1081 449 1146 Dc
472 1082 594 1147 talibus
617 1081 718 1167 igitur
737 1104 810 1147 cum
834 1081 1064 1148 intellexissem
1084 1083 1151 1148 bre·
1206 1077 1210 1086 ⁸

31 1185 97 1248 viter
124 1189 313 1254 monendum
345 1211 416 1254 esse
445 1188 478 1254 ia
506 1188 732 1255 Enarretionis
747 1219 749 1223 ·
766 1189 1000 1274 supplementis
1027 1210 1058 1273 p.
1079 1189 1151 1272 104,

30 1292 85 1357 fieri
105 1316 165 1359 non
188 1295 296 1379 potuit
319 1295 396 1380 quin
415 1296 525 1360 eadem
545 1317 616 1360 mea
635 1294 698 1360 lide
719 1295 911 1379 interposita
929 1294 1151 1362 Mommsenus

30 1397 142 1464 iteraret
162 1401 242 1466 Add.
272 1425 301 1485 p.
320 1403 395 1467 553.
445 1401 535 1478 Quae
565 1401 676 1468 omnia
703 1401 764 1466 etsi
792 1422 850 1486 per
878 1421 912 1466 se
939 1401 1024 1466 levia
1050 1399 1152 1466 rideri

29 1511 158 1590 possunt,
184 1511 295 1573 tamen
322 1509 473 1593 quoniam
504 1507 539 1573 iu
566 1507 617 1572 bis
640 1507 846 1593 potissimum
871 1507 1061 1592 Scipionum
1084 1531 1150 1574 mo·

29 1614 182 1698 numentis,
215 1615 242 1680 si
271 1637 383 1680 verum
411 1615 560 1680 volumus
589 1615 699 1700 fateri,
730 1637 844 1698 reapse
876 1615 959 1679 nihil
990 1615 1060 1678 lave
1093 1619 1152 1696 est,

27 1719 126 1802 nequid
148 1723 289 1807 scrupuli
308 1723 540 1808 relinqueretur
558 1721 613 1787 sed
633 1722 665 1788 iu
685 1721 801 1786 dubiae
822 1721 1025 1786 coniecturas
1043 1722 1151 1786 locum

28 1829 98 1888 certa
126 1827 261 1894 scientie
292 1829 490 1913 succederet,
526 1829 676 1914 precibus
705 1829 787 1896 meis
812 1827 1046 1914 Wolfgangum
1074 1827 1151 1892 Hel·

27 1930 145 2018 bigium,
174 1936 265 2000 cuius
288 1937 354 2002 iam
378 1959 477 2020 supra
504 1936 715 2002 honorificam
745 1935 939 2001 mentionem
963 1935 1038 2018 feci,
1065 1933 1150 1999 baud

26 2057 104 2122 aegre
133 2043 280 2124 permovi
314 2048 350 2108 ut
377 2043 481 2110 denuo
511 2043 673 2128 lapidibus
704 2041 771 2108 illis
803 2041 1048 2125 religiosissime
1080 2061 1153 2105 mea

26 2163 123 2210 caussa
148 2149 355 2234 examinetis,
387 2150 465 2236 quid
492 2149 622 2215 tandem
651 2149 685 2214 in
713 2148 760 2213 eis
783 2171 896 2214 revera
919 2147 1074 2232 scriptum
1099 2169 1150 2210 ex·
1195 2145 1199 2152 “

26 2253 124 2336 staret,
154 2257 223 2320 tam
252 2255 425 2342 diligenter
453 2256 602 2322 definiret
631 2259 668 2320 ut
693 2277 779 2320 nunc
802 2253 931 2320 taudem
955 2253 1062 2318 nullus
1085 2253 1151 2318 iam

26 2354 153 2424 rideatur
166 2360 364 2426 dubitationi
378 2363 468 2426 locus
488 2363 629 2427 relictus.
662 2361 732 2437 Qua
751 2361 783 2424 in
804 2382 918 2425 caussa
936 2360 1016 2424 illud
1037 2360 1151 2425 laeteri

23 2459 85 2526 licet
110 2467 191 2550 quod
220 2469 361 2553 singulis
388 2468 468 2533 loeis
495 2468 528 2534 id
557 2469 677 2552 ipsum,
709 2467 794 2551 quod
823 2489 893 2531 esse
920 2489 1031 2532 verum
1059 2469 1152 2533 intel·
1224 2503 1228 2510 ·

24 2567 126 2637 lectum
152 2580 215 2659 est,
248 2576 282 2640 in
310 2575 391 2659 ipsis
419 2575 541 2640 tabulis
564 2573 784 2659 lithograpbis
808 2573 1018 2658 conspicitur,
1052 2596 1150 2638 vanas

24 2695 80 2740 csse
105 2703 183 2764 quae
215 2686 292 2767 post
318 2685 414 2746 natae
444 2685 520 2747 sunt
551 2683 600 2746 vel
628 2681 849 2746 dubitationes
882 2681 931 2744 vel
956 2680 1150 2765 suspitiones

25 2799 118 2848 omnes
142 2789 303 2872 apparuit.
337 2788 428 2865 Quod
452 2792 488 2852 ut
511 2789 584 2854 aliis
609 2810 735 2873 quoque
758 2811 890 2872 prorsus
913 2787 1151 2872 persuadeatur,

24 2884 96 2968 ipsas
117 2893 244 2960 litteras
268 2895 482 2980 Helbigiauas
506 2893 591 2959 infra
614 2895 778 2978 ponendas
803 2895 888 2960 duxi.

160 3000 312 3066 ‘Endlich
332 3001 389 3066 bin
407 3001 460 3066 ich
480 3001 525 3064 im
541 3000 662 3066 Stande
681 3021 838 3086 genesen,
861 3001 922 3064 den
941 3001 1003 3065 mir
1022 3001 1150 3066 ertheil·

77 3107 127 3170 ten
149 3108 294 3191 Austrag
317 3107 448 3172 betreffs
468 3107 524 3172 der
543 3107 908 3191 Scipioneninschriften
926 3107 1151 3172 ausauftlhren.

76 3209 123 3276 Da
145 3215 222 3279 awai
247 3214 305 3280 der
327 3213 538 3298 Inschriiten,
566 3213 646 3278 tiber
668 3212 791 3278 welche
814 3211 866 3277 Sic
889 3213 1055 3279 Auskunft
1083 3237 1150 3280 ver·
1255 3277 1257 3282 ,

77 3317 217 3406 langten,
251 3321 285 3384 in
318 3318 572 3385 betriichtlicher
604 3319 697 3384 thc
729 3320 949 3405 eingemauert
981 3321 1053 3386 sind
1086 3321 1150 3386 und

76 3421 166 3492 teins
188 3426 247 3492 der
270 3427 316 3489 im
330 3425 486 3491 Arsenale
509 3426 565 3490 des
588 3427 832 3492 vatikanischen
847 3425 1011 3492 Muscums
1031 3429 1151 3493 bednd-

77 3530 179 3598 lichen
201 3533 335 3598 Leitcrn
362 3533 412 3597 die
440 3531 668 3598 hinrcicbeude
691 3531 802 3617 Liinge
826 3534 1094 3616 haitanaricus
1118 3558 1151 3599 es

76 3637 175 3723 leuge,
198 3640 251 3705 bis
275 3639 326 3704 die
350 3661 421 3706 zum
441 3639 690 3722 Hinaufstcigen
715 3639 850 3724 abthige
869 3639 1064 3706 Erlaubniss
1087 3642 1151 3706 und

77 3741 178 3811 Leiter
202 3747 353 3833 geliefert
375 3745 516 3812 wurden.
536 3784 578 3792 —-
601 3746 681 3810 Was
700 3745 751 3809 die
773 3767 837 3810 ron
855 3745 958 3810 Ihnen
980 3747 1152 3832 gestellten

77 3848 197 3937 Fragen
222 3853 360 3936 betrifft,
388 3875 424 3917 so
448 3853 575 3917 schcint
598 3853 660 3918 mir
682 3852 766 3918 nach
790 3852 846 3916 der
867 3874 931 3916 von
955 3853 1017 3917 mir
1042 3875 1151 3938 vorge·

78 3977 268 4024 nommcnen
291 3979 437 4045 genauen
457 3959 603 4044 Prtlfuag
625 3958 677 4023 die
701 3959 766 4022 alte
786 3957 928 4043 Lesung,
951 3958 1012 4024 wie
1031 3959 1077 4024 sie
1096 3959 1155 4024 aul

78 4061 168 4129 lhren
182 4063 300 4130 Tafeln
315 4065 485 4150 erscbeint,
504 4065 724 4130 allenthalben
738 4064 909 4149 eadgitltig
922 4064 1151 4132 festzusteheu.

78 4167 262 4256 Allerdings
290 4171 433 4236 bcfindet
461 4171 528 4237 sich
558 4194 599 4236 an
622 4172 706 4236 allen
729 4171 806 4236 funt
825 4169 963 4256 Stellen,
994 4171 1075 4237 ttber
1101 4171 1152 4238 die

79 4272 127 4341 Sic
150 4279 321 4364 anfragen,
344 4279 578 4365 irgcndwelche
592 4279 784 4365 Vertiefung
806 4279 851 4344 im
875 4277 993 4360 Steine,
1017 4301 1053 4344 so
1078 4279 1152 4344 dass

79 4381 126 4447 die
152 4383 375 4473 Betrecbtung
408 4387 465 4452 der
491 4387 771 4471 Papierabdrdcke
803 4385 878 4450 sehr
909 4385 995 4451 wohl
1027 4407 1065 4450 au
1096 4385 1152 4450 der

79 4487 301 4580 Vermuthung
318 4494 435 4560 fdhren
454 4495 554 4578 kann,
578 4517 611 4558 es
630 4493 715 4560 habe
734 4493 962 4579 ursprllnglich
980 4491 1033 4558 ein
1046 4491 1152 4560 Buch-
