2972 5120
403 387 684 436 sveensuaurvu
708 387 752 436 1v.
1089 373 1154 438 545

27 531 139 596 aestino
157 532 302 596 n.1134:
321 569 364 578 -
384 553 448 615 quo
471 555 572 617 prope
591 532 714 597 accedit
729 529 1043 597 DISCIPLEINAM
1058 533 1154 617 scrip·

28 643 89 701 tura
99 639 138 704 j'n
152 638 256 724 elogio
271 637 403 703 ‘litteris
419 638 539 703 saeculi
554 637 708 724 Augusti’
723 639 844 723 scripto
859 639 934 704 ibid.
945 638 1028 704 Add.
1043 641 1154 724 poor.

101 743 186 808 Haec
208 745 309 830 igitur
333 749 421 828 sunt,
450 767 506 809 cur
529 745 668 830 priscae,
696 767 762 810 uon
789 745 1018 828 imperatoriae
1047 747 1153 811 latini-

25 850 77 913 tati
97 850 192 934 huuc,
215 872 310 935 quem
334 853 393 916 sub
412 853 444 916 A
468 853 797 936 repraesentavimus,
820 851 952 916 titulum
971 851 1153 918 Romanum

25 959 68 1018 sat
88 956 282 1022 confidenter
304 958 494 1024 tribuamus.

477 1157 565 1163 --..
584 1158 597 1162 -
630 1157 688 1164 -—-

99 1277 210 1342 Altero
229 1279 301 1344 loco
316 1299 411 1364 quem
432 1279 492 1343 sub
507 1279 541 1343 B
554 1280 878 1362 repraesentavimus,
897 1299 963 1344 non
983 1283 1033 1344 est
1051 1301 1153 1344 novus

23 1381 137 1467 titulus,
160 1383 214 1448 sed
231 1381 399 1450 Calenus
424 1384 477 1450 ille
498 1407 593 1470 quem
612 1386 677 1450 iam
697 1385 730 1450 in
749 1385 903 1451 fasciculo
917 1385 951 1451 II
967 1385 1046 1466 [tab.
1060 1383 1153 1464 XVI]
1252 1444 1258 1457 ,

23 1489 115 1553 subd
136 1513 154 1554 e
177 1491 292 1556 tabula
314 1492 553 1578 chalcographia
576 1493 807 1577 repetieramus
830 1515 913 1577 quae
937 1498 987 1558 est
1010 1493 1044 1557 in
1068 1491 1154 1556 ‘Bul-

22 1595 132 1661 lettino’
151 1599 398 1684 archaeologico
422 1598 537 1666 Italico
560 1601 624 1666 vol.
644 1601 658 1664 l
682 1601 760 1665 anni
783 1601 877 1666 1861.
913 1591 1078 1665 Eum'cur
1100 1596 1154 1661 hio

22 1701 173 1788 iteremus,
201 1727 317 1770 caussa
343 1727 410 1772 non
440 1711 491 1772 est
518 1707 584 1771 alia
607 1728 704 1790 quam
728 1706 813 1791 quod
837 1707 906 1772 illic
929 1705 1032 1770 multo
1057 1725 1153 1789 quam

21 1809 92 1871 credi
110 1811 218 1894 potuit
235 1812 461 1897 neglegentius
481 1817 514 1876 et
532 1817 662 1897 praeter
680 1813 851 1876 veritatem
866 1811 971 1876 editus
987 1816 1046 1895 est,
1069 1833 1153 1876 nunc

21 1920 128 2001 autem,
151 1921 327 2004 postquam
351 1919 384 1984 in
403 1942 549 1985 museum
563 1919 817 2004 Neapolitanum
837 1919 981 2004 transiit,
1004 1918 1044 1983 ad
1063 1939 1150 1982 aceu-

20 2023 205 2090 ratissimum
231 2027 412 2111 exemplum
435 2025 638 2092 adsimilatus
663 2025 748 2110 quod
773 2027 937 2110 praeclaro
957 2024 1065 2090 studio
1088 2025 1154 2090 exi-

20 2129 151 2215 miaeque
174 2131 422 2198 benevolentiae
447 2132 540 2198 Iulii
563 2131 790 2198 Minervinii
818 2133 961 2198 debetur.
1006 2131 1051 2196 Et
1073 2131 1154 2196 illud

21 2235 133 2318 quidem
155 2260 224 2304 non
248 2243 298 2304 cst
321 2239 406 2323 quod
430 2239 591 2304 morosius
610 2239 787 2323 culpemus,
810 2239 895 2324 quod
918 2242 1078 2304 extremae
1102 2237 1153 2302 lit

20 2345 96 2409 teras
118 2345 199 2412 duae
226 2344 443 2412 CORNELIO
474 2345 615 2410 nominis
645 2367 664 2409 a
686 2344 801 2409 tabula
823 2342 1040 2428 Neapolitana
1063 2367 1152 2429 pror·

21 2469 65 2512 sus
87 2451 219 2516 absunt:
243 2473 299 2516 eae
323 2451 409 2516 euim
433 2451 536 2535 ipsius
556 2451 684 2514 demum
699 2449 886 2516 Minervinii
911 2474 1009 2537 opera
1027 2455 1060 2514 et
1078 2473 1153 2516 cura

21 2555 153 2622 effectum
177 2563 290 2624 estut
313 2582 330 2622 e
354 2559 418 2623 situ
447 2559 479 2621 et
506 2557 648 2622 tenebris
677 2556 792 2642 quibus
822 2558 970 2622 obtectae
999 2561 1091 2622 erant
1118 2557 1205 2623 invn

21 2659 110 2740 lucem
132 2665 324 2750 prodierint.
356 2663 463 2728 Minus
488 2663 662 2728 condonari
686 2666 825 2746 possunt
848 2662 1017 2748 neglectae
1040 2684 1152 2728 versus

21 2769 96 2833 tertii
126 2773 222 2836 initio
255 2770 343 2835 PVR
370 2770 513 2834 litterae:
546 2790 626 2854 quas
657 2769 689 2833 in
722 2770 895 2853 propatulo
928 2772 978 2833 est
1009 2769 1051 2834 ab
1081 2768 1152 2852 ipso

21 2874 127 2954 pictore
149 2877 268 2962 opifice
297 2877 465 2942 derelictas
494 2897 578 2960 esse,
609 2879 646 2939 ut
673 2897 753 2960 quas
782 2875 918 2940 sentiret
946 2897 1004 2960 per
1030 2875 1152 2959 impru-

21 2978 147 3047 dentiam
176 2984 337 3068 superiori
360 2985 467 3048 versui
490 2983 588 3048 nimis
613 2983 897 3068 appropinquatas.
936 2981 1074 3047 Prorsus
1098 3005 1152 3047 au·

21 3091 74 3149 tem
96 3087 248 3154 excedere
271 3089 398 3155 veniam
425 3089 506 3154 illud
535 3093 672 3175 apparet
699 3089 784 3173 quod
813 3089 893 3154 duos
916 3111 1027 3154 versus
1052 3093 1153 3154 extre

21 3213 80 3257 nos
102 3195 361 3282 chalcographus
384 3195 621 3280 Neapolitanus
646 3195 680 3260 in
703 3195 797 3260 unius
821 3219 934 3261 versus
958 3195 1152 3262 continuita-

21 3301 76 3362 tem
96 3303 270 3385 productos
295 3303 455 3368 exhibuit:
487 3301 570 3367 nibil
594 3307 631 3367 ut
655 3301 694 3366 de
718 3302 892 3388 suppletis,
919 3325 1000 3388 quae
1024 3303 1058 3368 in
1082 3304 1153 3388 ipso

22 3425 99 3473 muro
125 3411 261 3475 mutilae
290 3414 377 3494 sunt,
408 3409 527 3474 litteris
555 3431 667 3475 versus
695 3409 865 3474 novissimi
893 3411 1046 3478 dicamus.
1092 3411 1152 3476 His

22 3519 124 3598 autem,
142 3537 226 3600 quac
246 3515 482 3582 dubitationem
501 3537 567 3581 nou
588 3514 720 3600 habent,
740 3517 973 3601 supplementis
995 3519 1152 3602 susceptis

24 3615 88 3683 haec
109 3623 173 3687 iam
197 3622 302 3686 totius
325 3621 413 3686 tituli
437 3622 559 3705 species
583 3621 705 3706 prodit:

326 3741 798 3812 L·COltNELlO

414 3867 831 3936 CINNACOSITER

328 3957 387 3996 PVB

327 4009 795 4076 PVRGATVM

415 4131 791 4205 transulit

25 4251 158 4324 Ceterum
181 4261 216 4325 in
238 4261 344 4344 ipsam
366 4260 668 4344 interpretationem
695 4257 863 4323 fatendum
891 4261 941 4322 est
970 4259 1053 4324 nihil
1076 4263 1150 4327 novi

26 4381 56 4423 ex
77 4361 124 4429 his
146 4367 423 4433 emendationibus
450 4366 637 4432 redundare.
684 4365 885 4450 Quamquam
913 4387 954 4428 ne
978 4365 1151 4432 desiderari

27 4467 140 4546 quidem
162 4472 332 4558 quicquam
357 4473 397 4538 ad
420 4473 623 4539 commodum
643 4475 827 4556 certumque
846 4471 1048 4539 intellectum
1071 4475 1152 4540 satis

72 4591 107 4626 ra
125 4594 270 4632 ursmarus
289 4597 422 4634 orvrcvu
441 4597 478 4634 rr.
904 4583 939 4632 35
