2984 5122
324 399 610 449 oesssvsmonss
635 401 899 450 scressrsncss.
1119 387 1184 452 439

52 547 81 606 et
101 543 288 626 simplicius,
317 543 372 608 sed
400 564 465 608 non
493 543 601 608 minus
629 549 740 630 aperte
768 543 878 610 Livius
903 545 1005 630 XXV,
1023 549 1093 629 aa
1118 547 1185 613 ‘tri-

52 648 132 714 buni'
158 650 264 734 inquit
291 648 430 734 ‘plebem
458 654 656 736 rogaverunt
682 652 857 738 plebesque
886 655 932 718 ite
959 652 1075 737 seivit,
1104 655 1184 722 item

51 755 174 838 XXVII,
192 756 222 840 5,
244 757 283 821 17
309 754 442 821 ‘tribuni
465 758 569 842 plebis
593 763 751 843 rogarunt
773 760 948 844 plebesque
972 760 1092 826 scivit':
1115 763 1182 846 qui·

50 863 101 928 bus
124 863 279 947 exemplis
305 863 370 928 iam
394 861 581 930 Brissonius
614 889 690 932 usus
723 866 762 931 de
794 867 944 932 formulis
972 867 1018 952 ΙΙ,
1040 869 1089 933 18.
1136 867 1184 933 Ao

48 970 175 1034 fortasse
198 993 265 1038 non
288 971 397 1054 inepte
420 971 579 1056 quispiam
605 973 686 1038 illud
710 973 816 1057 ipsum
839 973 950 1038 dedita
972 995 1071 1058 opere
1093 975 1184 1040 insti-

48 1078 138 1142 tuisse
161 1075 287 1142 Sullam
312 1077 502 1143 dictatorem
525 1079 676 1158 coniciet,
707 1083 756 1163 ut,
786 1102 858 1146 eum
887 1085 1055 1146 attenuare
1083 1082 1183 1147 tribu·

47 1184 153 1249 niciam
177 1187 373 1269 potestatem
397 1184 508 1268 vellet,
532 1207 596 1250 non
616 1187 787 1272 pauculos,
808 1186 863 1251 sed
883 1187 1037 1254 maiorem
1057 1191 1183 1272 partem

46 1292 242 1358 tribunorum
275 1313 389 1377 rogere
421 1293 510 1376 leges
543 1291 682 1358 iuberet:
716 1293 801 1377 quod
831 1299 954 1378 tamen,
986 1299 1023 1358 nt
1049 1294 1085 1358 in
1112 1294 1184 1360 sola

45 1399 222 1463 coniectura
241 1398 393 1482 positum,
415 1399 510 1465 facile
528 1401 668 1465 feremus
689 1399 808 1484 siquis
829 1401 956 1466 credere
977 1401 1183 1467 recusaverit.

123 1503 199 1570 Non
224 1506 392 1589 pauciores
420 1528 516 1591 quam
546 1511 701 1592 quattuor
728 1506 858 1573 tabulas
887 1507 988 1572 fuisse
1010 1508 1093 1593 legis
1116 1509 1182 1572 An·

43 1613 141 1676 toriae
168 1609 249 1698 (quo
278 1613 407 1678 nomine
434 1612 600 1678 dicendam
629 1635 699 1678 esse
728 1614 908 1706 rectissime
936 1613 973 1680 G.
1000 1614 1035 1678 F.
1059 1614 1184 1680 Puebts

42 1720 185 1785 monebat
209 1719 317 1785 Instit.
340 1718 355 1784 Ι
379 1742 408 1804 p.
428 1721 493 1784 262
517 1721 564 1786 ed.
588 1719 675 1807 tert.)
698 1721 1004 1786 demonstravimus:
1027 1721 1105 1786 licet
1127 1743 1182 1786 au·

42 1833 100 1890 tem
121 1826 278 1913 progredi
307 1827 393 1892 ultra
420 1825 572 1913 illamque
601 1827 760 1911 suspicari
789 1829 927 1894 fortasse
956 1851 1014 1914 per
1043 1829 1182 1914 quinque

41 1935 112 1999 adeo
135 1933 270 2001 tabulas
293 1933 513 1999 continuatam
533 1957 611 2000 esse.
644 1935 744 2000 Cuius
760 1935 951 2018 suspitionis
970 1957 1067 2001 unam
1086 1937 1182 2002 ratio·

40 2065 106 2106 nem
129 2041 216 2106 hanc
240 2040 406 2123 babemus,
434 2041 521 2125 quod
543 2041 608 2107 loci
631 2063 669 2106 ac
692 2043 848 2126 temporis
873 2041 1124 2127 adscriptionem
1148 2043 1182 2108 in

40 2149 158 2233 legibus
179 2149 303 2213 setisve
323 2148 461 2232 publicis
480 2148 592 2233 populi
608 2147 747 2213 Romani
765 2171 918 2236 umquam
937 2149 1093 2215 omissam
1111 2172 1182 2216 esse

41 2257 86 2320 vir
116 2257 266 2322 ridemur
299 2255 472 2321 concedere
503 2277 609 2340 posse.
659 2254 707 2320 De
735 2256 863 2340 legibus
895 2279 961 2322 non
992 2257 1181 2341 ignoramus

40 2367 146 2428 contra
169 2363 272 2428 statui
296 2363 498 2448 plerumque:
522 2385 632 2428 verum
652 2367 688 2428 ut
706 2369 815 2428 tamen
834 2387 892 2429 nec
912 2363 1104 2432 documenta
1123 2387 1181 2431 nec

38 2475 226 2555 argumenta
248 2469 377 2555 prolata
400 2469 475 2534 sint.
508 2467 600 2534 Nihil
624 2469 710 2534 enim
734 2471 840 2554 magis
860 2469 992 2556 mirum,
1015 2473 1066 2536 sel
1089 2476 1125 2538 ut
1148 2475 1181 2536 et

38 2577 137 2642 scrius
170 2581 205 2642 et
236 2577 377 2642 severius
404 2575 562 2656 dicamus,
597 2575 678 2640 nihil
707 2575 888 2660 perversius
917 2575 1054 2642 vidimus
1082 2600 1234 2662 quamrn

39 2684 157 2750 lilenzii
178 2685 213 2749 in
232 2683 413 2768 supplendo
432 2683 593 2768 principio
609 2682 762 2748 Serviliae
781 2707 858 2748 sune
877 2683 1077 2748 elaborantis
1096 2682 1181 2749 bane

38 2791 288 2877 disputationem
312 2813 408 2876 quam
429 2789 516 2856 infra
533 2791 715 2876 posuimus:
738 2790 843 2874 ‘plura
867 2791 966 2854 etiam
989 2789 1028 2854 de
1051 2791 1124 2856 loco
1148 2795 1181 2857 et

38 2904 193 2984 tempore,
221 2919 302 2983 quae
326 2896 450 2962 addunt
477 2897 528 2962 lex
553 2897 704 2974 Quinctia
732 2901 764 2962 et
787 2895 935 2962 Valerius
958 2896 1098 2980 Probus,
1126 2896 1179 2962 hic

38 3033 102 3074 cum
122 3007 259 3094 Sigonio
281 3005 569 3089 praetermittenda
588 3005 711 3088 censui,
734 3003 853 3089 qnippe
872 3025 954 3089 quae
972 3003 1007 3068 in
1026 3005 1179 3069 vetustio-

37 3117 119 3181 ribus
146 3116 259 3200 lsgum
289 3111 459 3196 exemplis,
491 3112 579 3176 velut
607 3111 639 3176 in
668 3111 841 3196 plebiscito
869 3112 908 3176 de
931 3111 1178 3176 'lbermensium

38 3223 238 3288 immunitate
262 3219 352 3285 etin
376 3241 488 3284 aversa
511 3221 640 3284 nostrae
663 3219 793 3284 tabulae
818 3223 918 3302 parte,
942 3219 976 3282 in
998 3218 1070 3302 lege
1094 3217 1177 3284 Tho·

38 3329 94 3412 ria,
118 3351 185 3396 non
210 3325 389 3392 addantur!
436 3325 537 3402 Quasi
565 3346 642 3390 sero
666 3326 838 3410 quicquam
868 3325 918 3390 sel
942 3325 1015 3390 addi
1039 3326 1089 3391 vel
1113 3349 1178 3391 non

39 3435 105 3500 addi
129 3436 162 3500 in
183 3435 231 3500 eis
249 3433 413 3520 partibus,
436 3455 519 3518 quae
537 3432 645 3498 nullae
665 3433 857 3517 superstites
878 3437 967 3516 sunt,
990 3433 1053 3498 dici
1066 3435 1178 3517 possit

40 3539 235 3627 Quamquam
263 3561 336 3606 cum
363 3540 397 3604 in
425 3538 487 3604 hoc
515 3543 583 3604 tum
611 3539 646 3604 irr
670 3539 765 3604 unius
789 3543 915 3606 tantum
940 3541 1101 3624 rogatoris
1123 3563 1178 3606 no·

40 3647 118 3712 mine
150 3648 298 3733 ponendo
322 3646 450 3712 Klenzii
482 3646 663 3731 exemplum
692 3648 790 3712 etiam
819 3647 1004 3712 Rudorflius
1032 3647 1178 3712 imitatus

39 3759 83 3818 est
104 3755 137 3820 in
161 3753 325 3820 ‘Thorius'
348 3753 583 3838 supplementis
607 3753 675 3818 suis
699 3775 729 3836 p.
752 3754 822 3816 142.
858 3753 921 3817 Est
944 3755 1053 3818 aulem
1077 3754 1177 3818 totius

39 3883 165 3927 caussae
187 3862 268 3927 haee
291 3862 400 3946 potius
423 3861 507 3926 ratio
531 3863 563 3925 et
586 3860 741 3938 condicio,
765 3862 800 3924 ut
823 3881 921 3924 uuum
946 3860 1064 3944 solum,
1092 3859 1177 3945 quod

40 3966 74 4030 ad
96 3989 155 4033 nos
177 3968 342 4052 proditum
366 3967 409 4033 sit
433 3967 577 4050 omnino,
607 3967 695 4051 pleni
720 3967 842 4031 exordii
866 3967 1047 4050 exemplum
1071 3966 1177 4031 locum

40 4079 221 4161 tempusque
249 4074 360 4139 addite
387 4074 519 4158 habent,
549 4095 613 4138 non
641 4074 787 4138 emittat:
819 4073 904 4158 quod
932 4076 983 4136 est
1010 4073 1176 4138 exordium

40 4179 115 4264 legis
138 4181 323 4264 Quinctiae,
354 4179 406 4245 his
438 4179 545 4244 serbis
578 4185 769 4264 conceptum
799 4180 883 4264 apud
910 4177 1102 4246 Frontinum
1137 4179 1176 4246 de

41 4287 125 4368 aquis
149 4309 172 4352 c.
191 4289 234 4352 20
257 4311 288 4372 p.
306 4287 358 4370 49,
377 4287 411 4351 9:
444 4285 491 4353 ³¹1¹.
511 4287 680 4364 Quinctius
705 4285 873 4372 Crispinus
903 4287 1013 4352 consul
1044 4288 1093 4368 [dc
1114 4309 1175 4354 sen.

41 4395 122 4473 sent]
150 4395 303 4479 populum
330 4395 399 4459 iure
427 4394 560 4478 rogauit
585 4395 787 4480 populusque
819 4395 887 4460 iure
916 4395 1013 4458 sciuit
1039 4394 1073 4458 in
1104 4394 1175 4459 foro
1233 4453 1241 4470 ,

43 4501 228 4581 prorostris
251 4499 340 4566 aedis
364 4500 431 4566 dini
456 4500 519 4566 luli
541 4523 588 4585 pr.
608 4499 661 4582 [le]
686 4497 796 4566 Iulias.
831 4501 934 4567 tribus
954 4500 1068 4587 Sergia
1090 4501 1175 4586 prin-
