2984 5122
310 395 595 446 cassavurrouas
620 397 889 446 nrrsarrmcan.
1109 381 1174 445 429

58 536 114 601 Hoc
133 539 274 623 exemplo
296 544 425 624 praeter
438 539 657 605 Marinianum
682 563 758 606 usus
778 540 1002 605 Theodorus
1022 539 1175 605 Momm-

58 667 161 730 senus,
191 645 285 710 simul
313 651 420 712 autem
449 647 725 712 admonitionibus
757 649 949 732 quibusdam
977 647 1037 712 viri
1066 647 1186 712 elaris--

57 753 113 816 simi
135 752 292 818 Adriani
314 753 554 838 Longperier
577 755 715 838 adiutus,
733 755 865 820 titulum
880 753 1080 820 Tolosanum
1098 776 1175 818 suae

57 858 93 922 ‘de
117 859 183 943 lege
204 858 357 926 Visellia’
393 861 606 946 disputationi
639 883 741 946 nuper
772 862 909 927 inseruit
941 883 1022 946 quae
1058 865 1109 926 est
1140 862 1175 925 in

56 963 170 1030 Bekkeri
197 965 401 1054 Mutherique
428 969 545 1034 Annal.
573 969 631 1034 iur.
659 969 766 1034 Germ.
794 989 909 1033 comm.
936 969 998 1033 vol.
1020 966 1052 1032 ΙΙ
1084 965 1175 1053 (anni

58 1073 136 1159 1858)
161 1097 190 1158 p.
209 1075 275 1138 335
294 1097 377 1160 sqq.:
409 1076 465 1164 ubi
494 1081 527 1141 et
554 1075 672 1141 L·VA
685 1123 850 1142 ..........
884 1075 1010 1141 litteras
1040 1074 1075 1140 in
1103 1076 1175 1158 ipso

54 1180 189 1262 principio
212 1203 325 1246 versus
348 1183 446 1268 primi
474 1184 656 1250 conlocavit
684 1187 716 1248 et
746 1205 949 1248 numerorum
974 1185 1069 1246 notas
1093 1203 1175 1266 quae

53 1291 112 1348 sunt
136 1285 168 1350 in
198 1285 261 1351 line
289 1288 371 1352 tales
399 1289 546 1355 exhibuit
569 1287 692 1370 ilco
703 1289 834 1356 rxxll.
880 1289 950 1366 Quo
979 1290 1074 1376 longe
1102 1309 1174 1374 gra·

52 1391 106 1454 rius
135 1397 183 1456 est
215 1393 316 1478 quod,
348 1417 419 1460 cum
452 1417 469 1460 e
496 1397 690 1480 coubyurum
721 1394 811 1482 (nam
839 1396 897 1461 DE
913 1431 919 1444 ·
935 1395 1176 1480 CONLcyorum

52 1493 209 1563 SllNlentr'o
232 1499 401 1564 verissime
419 1501 485 1566 iam
500 1501 659 1568 Marinius
678 1499 966 1590 interpretabatur)
989 1525 1104 1568 novem
1124 1503 1175 1567 rel

50 1605 139 1684 potius
166 1605 277 1672 decem
305 1607 487 1672 nominibus
514 1609 547 1672 iu
575 1607 681 1694 lapide
709 1609 838 1694 scriptis
870 1609 934 1672 tria
966 1631 1035 1674 esse
1064 1607 1175 1673 eadem

50 1711 235 1778 observasset
259 1717 357 1800 atque
379 1715 414 1780 in
436 1715 551 1780 mutilo
574 1716 741 1800 prooemio
766 1714 848 1798 legis
867 1715 906 1779 de
925 1713 1175 1781 Thermensibus

49 1815 148 1884 Pisidia
177 1821 355 1886 maioribus
382 1821 469 1886 latae
492 1827 634 1886 servata:
668 1845 749 1907 quae
773 1825 850 1888 sunt
872 1820 1175 1888 U·ANTONIVS·

49 1923 132 2009 lla,
153 1925 209 1991 CN
220 1963 227 1976 ·
239 1923 451 1993 CORNElius
466 1978 472 1992 .
487 1977 494 1994 .
507 1928 536 2012 f,
564 1927 873 1994 c-FVNDANJVS
889 1964 895 1976 ·
911 1927 936 1994 O
952 1963 958 1978 ·
973 1928 1011 1994 F:
1044 1929 1119 1995 hinc
1142 1930 1176 1994 in

48 2029 190 2098 'lolosano
215 2055 344 2119 quoque
366 2034 473 2120 lapide
497 2034 679 2120 conlegium
703 2035 876 2100 eorundem
899 2035 1008 2101 decem
1031 2035 1175 2100 tribtmo-

48 2157 102 2201 tum
128 2139 169 2222 pl.
198 2139 313 2206 haberi
345 2139 507 2206 intellexit
535 2163 661 2205 summa
692 2163 764 2206 cum
794 2140 1037 2226 probabilitate.
1082 2141 1176 2208 Vnde

11 2301 12 2304 ,
48 2243 152 2329 eodem,
184 2269 250 2333 quo
276 2247 378 2332 legem
403 2246 496 2312 illam
521 2246 729 2313 annulatam
758 2253 900 2332 constat,
932 2247 963 2314 b.
987 2271 1012 2316 e.
1037 2251 1102 2315 682
1126 2251 1175 2314 rel

48 2349 96 2414 683
122 2351 242 2417 lactum
276 2375 346 2418 esse
378 2353 509 2418 titulum
537 2353 734 2420 Tolosanum
764 2355 984 2441 consequitur:
1017 2356 1050 2420 in
1081 2377 1175 2440 quam

47 2459 156 2540 quidem
186 2464 329 2524 aetatem
361 2459 447 2526 infra
475 2461 644 2544 apparebit
671 2461 775 2545 ipsam
803 2461 1007 2527 litteraturae
1037 2463 1176 2547 speciem

48 2566 199 2631 convenire
225 2570 263 2630 ut
287 2565 372 2650 quod
396 2567 545 2632 maxime.

118 2673 256 2759 Reliqua
285 2673 478 2740 Mommseni
507 2673 685 2758 disputatio
716 2676 750 2740 in
781 2674 905 2739 duabus
935 2675 1176 2759 quaestionibus

48 2785 186 2862 versatur:
211 2803 349 2866 quarum
373 2781 477 2847 altera
500 2781 667 2846 adorram
689 2783 813 2846 viumrm
835 2783 961 2864 spectat
984 2803 1057 2846 cum
1076 2782 1176 2847 tribu·

49 2885 115 2950 nicio
141 2905 291 2972 munere,
323 2888 351 2954 si
375 2888 453 2953 lidos
480 2887 540 2952 tali
567 2887 680 2972 titulo,
713 2887 821 2972 aliquo
850 2887 977 2953 vinculo
1006 2889 1176 2955 sociatam:

48 2989 131 3057 altera
152 2995 186 3058 in
210 3015 252 3059 eo
275 2994 422 3059 elaborat
444 2999 482 3059 ut
503 3015 604 3058 unam
627 2993 822 3080 eandemque
841 2994 941 3060 fuisse
965 2999 1176 3062 memoratam

48 3097 72 3160 iu
90 3099 144 3165 hoo
166 3101 268 3166 titulo
292 3100 384 3183 lupera
403 3099 563 3166 Viselbom
591 3105 689 3186 atque
712 3101 802 3168 illam
825 3100 997 3168 Viselliam
1020 3105 1177 3188 probetur

50 3229 111 3288 quae
133 3208 172 3274 ad
197 3207 429 3272 libertinorum
459 3207 737 3294 ingenuorumque
766 3209 987 3276 condicionem
1011 3212 1176 3294 pertinens

50 3333 114 3378 anno
132 3339 161 3380 u.
180 3338 206 3380 c.
223 3315 288 3380 777
309 3315 406 3399 vulgo
425 3314 589 3380 tribuitur.
624 3314 875 3382 Commonuerat
898 3317 993 3383 huius
1014 3316 1064 3382 ‘de
1082 3319 1176 3383 liber-

48 3419 119 3484 tinis'
144 3423 230 3508 legis
254 3421 411 3486 Viselliae
439 3421 504 3486 iam
533 3419 703 3508 Marinius,
735 3423 824 3488 nullo
856 3427 965 3490 tamen
997 3425 1025 3488 is
1058 3425 1177 3490 indicio

48 3525 116 3591 lecto
138 3533 249 3594 utrum
273 3527 314 3594 ad
337 3529 416 3614 Imp.
441 3528 564 3594 Tiberii
587 3533 727 3595 aetatem
752 3529 949 3595 Tolosanum
974 3531 1105 3596 titulum
1129 3553 1177 3596 re·
1192 3549 1211 3587 v

48 3629 129 3698 ferret
151 3659 191 3702 an
215 3635 258 3701 ad
277 3635 399 3700 liberae
422 3636 469 3700 rei
489 3636 638 3720 publicae
658 3641 805 3722 tempora
823 3637 928 3722 legem
949 3637 987 3702 de
1007 3637 1176 3702 libertinis.

50 3733 105 3804 lloc
130 3747 238 3808 autem
270 3741 378 3825 ipsum
409 3743 575 3826 amplexus
604 3741 825 3810 Mommsenus
854 3765 895 3807 ue
922 3765 1018 3828 posse
1047 3743 1176 3828 quidem

51 3844 81 3908 ab
100 3849 170 3914 anni
194 3849 258 3916 ’ΠΤ
289 3850 418 3915 consule
441 3848 579 3916 Visellio
608 3847 717 3935 (quem
747 3855 911 3916 auctorem
940 3849 1049 3934 opinio
1077 3849 1178 3914 trala-

50 3947 112 4017 tieia
132 3940 272 4042 terebat)
295 3955 396 4021 latam
416 3958 679 4042 appellatamque
702 3956 808 4042 legem
832 3979 901 4022 esse
926 3957 1023 4022 evicit
1043 3979 1177 4041 eamque

53 4063 224 4128 senteutiam
239 4063 338 4128 eliam
354 4063 522 4129 Rudorffio
541 4065 694 4148 probavit
707 4063 793 4129 Hist.
811 4065 891 4129 iuris
905 4065 997 4130 Rom.
1016 4063 1050 4129 Π
1067 4087 1097 4148 p.
1112 4065 1177 4130 389

54 4161 198 4244 (editionis
221 4167 371 4256 primae).
421 4169 485 4236 Sed
512 4171 563 4236 vel
592 4171 638 4236 sic
665 4176 776 4236 tamen
804 4192 877 4236 cnm
906 4172 950 4236 sit
970 4170 1114 4252 liberum
1139 4171 1178 4236 de

54 4267 157 4339 duabus
186 4275 314 4361 legibus
341 4274 486 4342 Viselliis
520 4277 665 4362 cogitare
697 4279 932 4362 imperatorum
960 4282 1067 4342 aetate
1095 4279 1178 4343 anti-

55 4378 214 4467 quioribus,
244 4387 359 4449 contra
390 4383 444 4448 ille
476 4384 605 4469 longius
638 4404 829 4470 progressus
862 4387 993 4468 propter
1022 4383 1179 4448 rariorem

56 4499 132 4548 usum
144 4487 284 4555 Visellius
301 4489 442 4555 nominis
461 4491 701 4558 subsistendum
723 4491 758 4556 in
781 4513 847 4556 uua
870 4491 941 4555 sola
964 4491 1079 4556 statuit
1103 4494 1178 4556 ante
