3008 5118
332 295 397 358 314
767 315 814 360 Da
839 319 924 360 mun
947 319 1048 360 rsasrr

332 476 401 518 esse
425 460 712 520 commemoratum
737 458 945 539 eonieeimus,
972 458 1006 522 id
1030 459 1115 542 quod
1144 457 1371 541 simplicissime
1390 459 1444 522 fieri

285 577 317 616 1v
333 560 394 625 hoe
409 564 557 646 exemplo
572 563 692 646 potuit:
718 563 765 629 ‘is
787 564 875 629 boore
899 566 993 629 idem
1012 567 1210 647 compositum
1225 565 1266 645 [et
1280 565 1444 647 sinpalorltr

331 673 359 731 el
375 669 556 750 pluraliter]
579 671 672 750 facit:
696 672 760 735 nisi
779 673 861 753 quod
878 671 992 776 Caere
1016 722 1075 737 ...
1100 671 1204 756 ipsius
1227 671 1345 736 formae
1366 671 1444 734 direr-

332 774 427 839 sitate
452 780 623 859 utrumque
647 799 815 841 numerum
835 778 1050 843 discriminari
1073 777 1189 843 iussit’
1233 777 1317 842 Nam
1339 779 1443 863 pluralis

331 880 458 963 quidem
492 884 544 946 vix
576 883 684 967 potuit
713 884 811 948 aliam
842 884 981 949 formam
1009 884 1177 950 Charisius
1206 906 1376 968 proponere
1399 885 1444 947 nisi

331 1009 412 1070 quae
436 989 485 1052 illi
509 1011 581 1053 cum
606 990 763 1075 singulari
788 993 966 1057 communis
987 993 1057 1057 fuit.
1094 992 1199 1068 Quam
1222 992 1309 1055 enim
1331 993 1445 1075 potuisse

331 1095 498 1159 censebis?
540 1098 668 1180 quando
701 1098 816 1162 iidem
853 1098 991 1163 formam
1029 1098 1190 1182 posterior
1222 1097 1347 1162 demum
1378 1110 1445 1161 aetas

331 1201 474 1284 admisit,
503 1203 624 1267 eidem
649 1210 756 1270 autem
781 1211 896 1290 suapte
919 1211 1037 1271 natura
1060 1206 1143 1270 nihil
1167 1205 1275 1272 differt
1298 1205 1337 1270 ab
1360 1205 1446 1278 iden,

331 1308 386 1371 sed
411 1309 451 1371 ab
476 1308 536 1374 hoo
561 1312 661 1375 solius
685 1312 863 1396 scripturae
888 1314 1045 1378 varietate
1070 1314 1184 1377 distat:
1208 1316 1253 1394 ut,
1277 1313 1445 1396 utrieumque

331 1436 463 1479 numero
494 1413 613 1481 Caesar
645 1419 742 1484 idam
774 1420 911 1484 formam
944 1421 1072 1499 tribuit,
1109 1421 1212 1486 eidem
1246 1420 1345 1484 tacite
1374 1421 1444 1482 edan

331 1520 453 1586 eidem
478 1524 642 1588 tribueret.
680 1525 753 1589 Nisi
777 1527 862 1609 quod
886 1527 969 1590 inter
993 1525 1200 1610 trisyllabum
1224 1547 1302 1588 sane
1326 1529 1355 1588 et
1376 1525 1445 1607 disp-

331 1628 439 1692 labum
473 1630 592 1694 eidem
626 1632 842 1696 certissimum
875 1633 1047 1697 discrimen
1080 1632 1262 1697 intercedit:
1301 1632 1353 1695 sed
1382 1632 1445 1694 euius

330 1735 421 1798 nulla
447 1759 579 1819 prorsus
604 1738 638 1801 in
662 1735 802 1802 Charisii
833 1740 1020 1808 testimonio
1050 1738 1243 1824 significatio
1273 1738 1338 1801 liat.
1380 1735 1447 1799 Vnde

331 1841 392 1906 hoc
416 1865 481 1907 nou
505 1866 600 1927 posse
623 1845 688 1910 tale
712 1844 812 1910 fuisse
835 1846 1051 1930 intellegitur:
1081 1847 1113 1910 is
1134 1845 1224 1908 horreo
1249 1846 1340 1908 idem
1360 1865 1446 1924 caupo

330 1951 424 2013 silum
446 1952 535 2034 facit,
566 1955 606 2032 [ct
629 1955 661 2016 ei
685 1950 749 2037 (vel
772 1955 803 2038 i)
826 1954 963 2018 homines
985 1955 1127 2032 caleret]
1157 1954 1221 2018 trebi
1243 1954 1326 2033 quod
1350 1973 1372 2015 e.
1392 1973 1414 2034 q.
1432 1973 1447 2010 s.

331 2053 416 2118 Nam
439 2056 518 2121 haee
543 2058 571 2120 si
594 2059 726 2142 putabis
751 2061 791 2122 ab
816 2060 882 2123 illis
907 2059 1010 2143 excipi
1035 2059 1188 2142 potuisse,
1218 2058 1335 2143 quibus
1357 2055 1447 2121 Caesa
1473 2055 1474 2114 ³

274 2207 279 2216 .
330 2167 482 2226 narratur
504 2170 618 2229 eontra
637 2166 776 2230 suasisse
796 2167 1007 2251 singulariter
1025 2165 1147 2229 dietum
1171 2164 1286 2246 idem,
1309 2165 1447 2248 pluraliter
1473 2213 1474 2220 ,

331 2269 462 2351 isdem,
500 2271 575 2353 quid
610 2273 740 2337 omnino
774 2295 856 2357 opus
890 2278 960 2338 erat
991 2274 1111 2337 iterata
1144 2272 1319 2356 singularis
1351 2269 1445 2335 numeri
1473 2269 1474 2326 1

330 2376 502 2459 mentione,
526 2399 597 2441 eum
621 2379 701 2442 satis
726 2384 811 2443 esset
834 2380 895 2443 diei
920 2381 982 2444 uisi
1004 2381 1086 2460 quod
1102 2377 1216 2443 Caesar
1237 2379 1396 2460 pluraliter
1413 2378 1443 2438 is-

330 2487 405 2550 dem
428 2486 589 2550 dicendum
612 2489 774 2568 confirmet
799 2487 861 2551 -?
903 2488 948 2550 At
970 2487 1108 2550 fortasse
1131 2508 1196 2550 non
1219 2485 1283 2550 boo
1306 2486 1403 2569 potins
1420 2481 1444 2543 de

331 2590 480 2657 Caesaris
505 2594 639 2658 oonsilio
664 2592 832 2657 Charisius
856 2593 990 2657 tradidit
1012 2614 1110 2676 quam
1132 2591 1211 2655 illud
1230 2592 1316 2676 quod
1341 2593 1443 2656 altereu

330 2702 416 2764 viam
445 2723 543 2784 supra
570 2700 784 2784 significatam
814 2700 966 2764 insistens
994 2697 1212 2782 Nipperdeius
1240 2699 1443 2763 commendarit
1469 2723 1471 2820 1

330 2829 360 2890 p.
381 2809 454 2892 757,
486 2808 538 2871 cui
566 2808 716 2870 turbatus
745 2807 869 2871 scilieet
897 2829 916 2870 a
943 2805 1087 2869 librariis
1120 2804 1199 2869 ordo
1228 2805 1391 2871 verbomm
1414 2805 1440 2864 sie

331 2936 399 2978 esse
428 2913 642 2977 emendandus
676 2913 763 2976 visus
798 2918 859 2976 est:
899 2913 961 2976 arisi
992 2913 1067 2993 quia
1095 2911 1209 2976 Caesar
1241 2912 1319 2976 libro
1349 2909 1433 2977 surud

330 3024 423 3085 ideae
447 3021 622 3103 pluraliter,
655 3020 855 3102 sinprrlarilcr
883 3021 997 3084 isdem
1029 3019 1191 3082 dicendam
1218 3021 1381 3100 confirmat
1415 3013 1441 3076 Et

331 3129 377 3191 ita
401 3127 528 3210 quidem
552 3127 720 3190 fatendum
745 3131 794 3190 est
818 3125 900 3189 nihil
927 3126 967 3189 ad
992 3147 1104 3190 sanam
1128 3126 1289 3191 rationem
1313 3117 1440 3209 cogitant

331 3233 514 3315 desiderari,
539 3234 575 3316 si,
599 3237 772 3316 postquam
797 3232 952 3317 singulari
980 3254 1112 3298 numero
1136 3231 1235 3297 idem
1261 3231 1438 3316 composino

330 3341 400 3404 fieri
428 3341 468 3404 ab
497 3340 528 3403 is
557 3339 788 3423 grammaticus
821 3339 916 3421 dixit,
949 3361 1021 3402 eam
1052 3338 1191 3404 formam
1221 3339 1332 3423 potius
1357 3331 1438 3420 pluri.

331 3446 502 3513 Caesarem
527 3468 681 3528 servasse,
705 3446 860 3530 singulari
884 3445 1039 3510 tribuisse
1062 3445 1183 3509 isdem
1207 3445 1340 3510 addidit
1374 3440 1406 3504 El
1423 3436 1437 3496 ei

330 3555 413 3621 forte
437 3554 560 3636 mirere,
583 3552 664 3616 illud
688 3575 745 3616 eur
767 3553 898 3617 omnino
922 3574 1038 3636 operae
1061 3552 1201 3635 pretium
1228 3551 1353 3616 duxerit
1371 3547 1435 3611 edne

330 3667 399 3726 tare
415 3658 592 3742 Charisius,
614 3660 803 3743 responderi
821 3663 931 3743 potest
948 3664 1082 3742 propter
1105 3659 1138 3722 id
1160 3658 1270 3741 ipsum
1293 3658 1400 3722 fecisse.
1416 3663 1434 3708 u

330 3768 405 3832 hinc
430 3768 469 3831 ad
494 3764 643 3830 Caesaris
666 3771 871 3850 praeceptum
896 3766 1029 3848 dignum
1056 3786 1133 3829 sane
1157 3768 1274 3830 notatu
1297 3761 1433 3848 prodetur

330 3880 428 3939 retur.
465 3873 555 3957 Ergo
578 3873 611 3937 in
636 3895 703 3936 rem
727 3874 831 3956 ipsam
850 3873 1077 3956 inquirendum
1102 3877 1152 3936 est
1175 3876 1217 3954 et,
1240 3893 1316 3936 num
1336 3872 1373 3932 sit
1386 3885 1432 3947 prr

331 3981 438 4046 babile
463 3979 673 4064 singulariter
703 3979 822 4044 isdem
851 3979 913 4042 dici
937 3977 1107 4043 Caesarem
1132 3979 1276 4061 iussisse,
1298 3971 1430 4060 expendu-

330 4090 415 4152 dum.
461 4086 509 4150 De
533 4109 596 4170 quo
621 4086 757 4149 nimium
782 4085 919 4149 diximus
950 4107 1021 4149 curn
1046 4086 1092 4150 sie
1117 4085 1194 4151 olim
1217 4073 1424 4150 iudicavimus!

331 4219 355 4258 s.
375 4217 398 4256 s.
422 4215 452 4276 p.
473 4195 515 4256 20
539 4195 651 4277 [supra
670 4216 700 4276 p.
722 4195 812 4274 13u]:
837 4193 895 4257 ‘ita
914 4192 1043 4277 quidem
1066 4216 1204 4258 novasse
1219 4192 1334 4258 Caesar
1350 4187 1380 4250 de
1393 4201 1427 4242 ⁸11¹·

331 4298 508 4366 credendus
534 4301 589 4382 sit,
614 4301 699 4384 quod
725 4302 878 4366 usitatum
899 4301 965 4366 ullo
986 4306 1130 4385 tempore
1150 4301 1248 4365 fnisse
1268 4281 1426 4384 ignorem?

331 4408 422 4486 Quod
448 4407 575 4469 eumin
598 4413 724 4489 partem
750 4411 858 4504 valere
880 4409 1067 4474 volebamus
1091 4411 1136 4490 ut,
1164 4407 1289 4474 etiamsi
1311 4427 1345 4468 ex
1366 4399 1389 4462 is
1407 4403 1423 4452 ⁰²
