3020 5118
333 228 395 288 164
610 243 826 289 rrusvuns'm
852 241 1087 288 uurunsrrucs
1111 242 1203 287 rurs.

329 386 466 450 tationis
504 385 651 449 relictum
686 388 737 450 sit.
791 387 995 469 Quamquam
1032 383 1213 448 laudandus
1250 387 1298 444 est
1324 379 1428 444 Orellius

330 493 414 576 quod
443 493 527 557 hunc
556 516 651 577 quam
681 493 772 556 illum
802 493 893 576 sequi
922 492 1038 556 maluit
1064 514 1095 556 n.
1123 490 1225 570 3892,
1253 510 1320 552 cnm
1340 487 1428 550 nendo·
1474 524 1475 528 =

329 622 400 663 rum
424 600 665 663 multitudinem
690 598 803 664 Celsus
826 621 892 664 non
922 601 966 664 sit
994 621 1032 664 eo
1061 618 1270 681 compensare
1292 593 1430 660 credendus
1475 609 1476 644 1

330 708 413 790 quod
437 730 548 772 sersus
578 708 656 770 noni
685 707 780 770 initio
804 705 956 771 LAGVM
981 705 1128 770 exhibuit
1150 726 1210 788 pro
1235 725 1272 768 eo
1295 701 1368 786 quod
1385 723 1431 763 cun

329 815 413 897 apud
438 814 611 878 Gruterum
635 817 704 876 tum
728 813 762 876 in
785 814 858 897 ipsc
881 835 965 878 nuuc
989 812 1096 896 lapide
1119 816 1169 875 est
1188 860 1221 875 ..
1246 808 1343 874 CVM.
1375 815 1432 882 Qun

330 922 457 1004 syllaba
481 922 542 984 etsi
568 921 631 984 illis
657 921 778 984 litteris
802 921 983 986 rectissime
1008 921 1185 1005 suppletur,
1203 921 1240 981 ut
1263 939 1319 980 nec
1340 915 1371 978 de
1390 915 1434 978 lll-
1479 955 1480 968 .

330 1025 422 1090 CVM
446 1049 503 1090 nec
528 1027 566 1090 de
592 1025 759 1090 ClltCVlll
779 1027 987 1110 cogitandum
1011 1028 1056 1090 sit
1078 1048 1149 1090 cum
1174 1025 1262 1089 aliis:
1285 1025 1361 1088 luctu
1378 1023 1434 1085 enin
1478 1041 1481 1050 ’

328 1133 518 1197 balinearius
542 1137 573 1196 et
599 1134 683 1196 lucus
701 1136 881 1216 adportant
901 1135 1139 1198 discernuntur:
1162 1137 1273 1196 tamen
1292 1127 1369 1193 Celsi
1383 1127 1435 1190 illul
1481 1149 1482 1186 3

329 1241 533 1304 coniecturae
558 1241 675 1324 deberi,
699 1264 765 1305 non
789 1243 905 1306 maiori
930 1243 1009 1306 olim
1029 1242 1148 1325 lapidis
1166 1238 1354 1324 integritati,
1371 1235 1436 1298 facile

328 1346 403 1409 hinc
428 1348 622 1431 perspicitur
646 1349 731 1431 quod
755 1349 837 1412 nihil
861 1350 923 1413 nisi
949 1347 1041 1412 CVM
1066 1348 1226 1431 syllabam
1251 1339 1435 1409 saeculolll

329 1451 469 1517 Smetius
497 1455 591 1536 vidit,
619 1454 766 1538 proximo
796 1456 923 1520 demum
948 1455 1079 1520 saeculo
1109 1453 1195 1518 Celsi
1223 1453 1307 1515 liber
1328 1449 1437 1513 venera
1485 1501 1486 1506 ,

328 1562 449 1644 prodiit
467 1562 512 1626 sic
533 1562 706 1645 inscriptus
727 1562 890 1627 ‘Trattato
914 1563 986 1626 dell'
1010 1562 1136 1645 origine
1160 1561 1245 1624 della
1264 1559 1383 1642 vulgare
1400 1556 1439 1618 liu

329 1667 414 1751 gua’,
434 1670 488 1752 qui
507 1670 642 1733 iteratus
664 1670 762 1732 estin
786 1668 901 1752 ‘Opere
922 1669 955 1732 di
975 1668 1071 1733 Celso
1091 1667 1317 1732 (irradiat...
1335 1664 1439 1729 raccolte
1488 1719 1489 1722 ,

329 1772 369 1835 da
389 1773 556 1839 Girolamo
577 1773 678 1857 Gigli’
694 1774 816 1838 Romae
836 1777 962 1840 a.1721
985 1776 1089 1859 editis,
1109 1775 1164 1839 ubi
1184 1797 1252 1857 cap.
1267 1773 1312 1838 IX
1326 1795 1353 1856 p.
1365 1772 1397 1834 21
1409 1791 1440 1850 su.

329 1879 424 1944 huius
454 1883 636 1965 exemplum
660 1882 881 1965 inscriptionis
905 1884 1050 1966 positum
1074 1888 1132 1947 est.
1179 1881 1372 1964 Quamquam
1391 1898 1441 1960 pru
1490 1903 1491 1908 ¹

327 1987 415 2052 ximo
448 2010 541 2052 versu
578 1990 738 2073 integram
769 1989 954 2054 PORTAM
991 2012 1102 2055 vocem
1140 2011 1212 2053 curn
1245 1987 1338 2052 Celso
1370 1985 1441 2048 etiau

329 2093 469 2158 Smetius
497 2096 648 2178 prodidit.
694 2095 755 2160 His
779 2119 853 2160 vero
884 2098 981 2181 longe
1006 2098 1137 2182 gravius
1160 2096 1224 2159 hoc
1247 2099 1309 2174 est,
1331 2089 1441 2186 quella
1490 2117 1494 2154 r

329 2201 470 2264 eiusdem
495 2225 606 2267 versus
635 2204 722 2266 exitu
751 2226 817 2267 non
842 2203 974 2288 ADOV,
998 2204 1053 2268 sed
1078 2202 1200 2278 ADQV
1225 2202 1372 2284 scriptum
1391 2217 1443 2258 esse
1491 2225 1495 2266 l

329 2329 413 2371 nunc
443 2309 571 2372 demum
605 2313 752 2393 apparet:
787 2310 872 2393 quod
905 2332 974 2373 esse
1004 2308 1155 2386 ADQVE
1189 2309 1364 2393 legendum,
1391 2303 1443 2366 AB·

329 2412 453 2478 DVOM
473 2418 579 2479 autem
600 2439 658 2499 pro
678 2438 746 2478 ur‘cc
765 2416 895 2499 dictum,
913 2415 1114 2481 Mommseno
1132 2415 1346 2499 Henzenoque
1361 2431 1443 2477 comm

330 2520 448 2601 patuit.
493 2519 528 2584 ld
553 2526 661 2586 tamen
686 2546 724 2587 ne
748 2523 832 2586 forte
857 2523 990 2606 antique
1015 2524 1170 2606 scriptum
1193 2544 1251 2605 pro
1274 2524 1443 2603 atquepater

329 2630 362 2688 et
390 2649 462 2690 cum
490 2629 523 2690 in
557 2629 797 2712 praepositione
826 2633 1010 2713 construas,
1046 2631 1096 2694 vel
1123 2629 1203 2693 illud
1235 2630 1315 2692 satis
1343 2643 1443 2691 monere

274 2767 307 2806 ῃ·
327 2737 445 2816 potest,
468 2733 554 2816 quod
578 2735 714 2798 testibus
740 2736 957 2799 monumentis
980 2758 1045 2800 non
1069 2735 1172 2820 magis
1197 2735 1357 2818 antiquior
1377 2746 1445 2797 aetas

328 2840 361 2901 in
386 2839 610 2903 coniunctione
631 2839 781 2915 ADQVE
807 2842 1011 2926 scripturam,
1035 2865 1130 2926 quam
1149 2843 1344 2906 contrariam
1360 2841 1389 2905 in
1405 2835 1445 2901 AT

327 2947 567 3029 praepositione
600 2947 651 3010 vel
685 2947 802 3011 APVT
838 2948 917 3011 SET
945 2948 1068 3012 HAVT
1100 2948 1144 3012 ΙΤ
1176 2947 1309 3013 ILLVT
1339 2946 1444 3011 roribus

328 3051 466 3138 novit.*)
492 3052 551 3134 Vt,
583 3053 637 3135 qui
662 3053 790 3118 Bentlei
823 3056 969 3139 exemplo
993 3056 1053 3120 has
1076 3055 1197 3120 formas
1221 3055 1316 3120 libris
1338 3049 1445 3118 suaden-

256 3247 264 3266 Ι
329 3161 417 3224 tibus
448 3160 481 3222 in
505 3159 620 3224 Plauto
651 3165 745 3245 atquc
777 3161 928 3226 Terentio
957 3164 1109 3246 probant,
1133 3163 1255 3226 faciant
1283 3162 1314 3225 id
1342 3157 1445 3243 quiden

417 3444 442 3511 *l
463 3443 515 3513 [cf.
540 3442 569 3498 Ρ.
594 3443 635 3506 L.¹
649 3441 684 3494 M.
706 3443 735 3497 E.
755 3443 851 3496 Enarr.
877 3464 902 3514 p.
925 3452 987 3510 105,
1007 3445 1055 3498 ubi
1074 3446 1143 3500 baec
1162 3444 1273 3514 scripsit
1290 3439 1447 3498 muueris:

330 3531 431 3585 ‘Tituli
452 3530 616 3584 Aletrinatis
636 3549 660 3586 v.
683 3538 715 3584 10
735 3550 775 3600 sq.
795 3533 881 3586 verba
899 3533 1049 3598 AQVAM·
1069 3535 1107 3587 ΙΝ
1124 3565 1129 3576 -
1149 3535 1289 3588 OPIDVM
1304 3564 1310 3575 ·
1324 3524 1445 3593 ADQVE·

328 3620 484 3673 Anulum
512 3636 573 3673 curn
599 3619 671 3674 Mon.
699 3621 785 3689 epigr.
810 3624 843 3675 tr.
868 3641 894 3690 p.
920 3623 958 3674 lll
981 3623 1181 3692 interpretatus
1204 3640 1293 3677 essem
1317 3635 1402 3690 uquam
1423 3631 1445 3664 Η·

328 3711 459 3777 oppidum
478 3714 502 3762 ct
520 3710 557 3762 ud
576 3710 692 3762 ortlucas
711 3709 738 3762 h.
758 3727 780 3764 e.
801 3727 902 3775 arcem,
921 3714 987 3779 post
1005 3712 1063 3766 vidi
1082 3713 1129 3780 qui
1148 3711 1311 3782 simpliciter
1327 3708 1393 3763 diets
1405 3716 1444 3771 pr0
1497 3703 1499 3720 ¹

328 3799 358 3849 in
386 3799 517 3864 oppidum
545 3803 624 3864 atquc
652 3798 767 3851 arduom
795 3800 943 3868 acciperet.
981 3801 1060 3865 Quod
1084 3803 1197 3869 quidem
1215 3801 1259 3856 vel
1283 3817 1315 3854 eo
1337 3793 1444 3864 displicet

328 3885 402 3951 quod
422 3885 544 3948 AllQVll
564 3904 614 3953 pro
633 3887 756 3950 A'l'llVll
777 3888 943 3956 scripturam
968 3891 1073 3942 certum
1097 3891 1140 3942 est
1158 3890 1271 3943 minime
1289 3886 1442 3944 venatorem

329 3989 397 4037 csse,
416 3971 464 4024 scd
483 3972 555 4026 circa
573 3976 715 4041 Augustos
734 3977 845 4029 demum
860 3980 989 4045 tempora
1007 3978 1152 4033 invectam.
1191 3978 1278 4042 Quam
1297 3995 1329 4032 ne
1345 3977 1370 4030 in
1384 3973 1443 4025 Bel·

328 4059 388 4112 tino
413 4059 523 4124 quidem
546 4062 630 4114 titulo
650 4064 699 4117 illo
720 4066 912 4132 antiquissimo
933 4067 971 4135 (C.
992 4067 1011 4120 l.
1032 4067 1061 4121 L.
1082 4069 1092 4120 l
1111 4085 1138 4120 n.
1154 4070 1231 4134 um),
1250 4085 1328 4134 quem
1344 4054 1441 4117 meavi

329 4164 427 4200 comm.
453 4147 486 4200 de
510 4148 553 4201 tit.
579 4150 691 4204 lllumm.
717 4172 743 4222 p.
764 4154 802 4208 lX
822 4159 915 4224 (supra
934 4173 961 4224 p.
981 4157 1026 4223 97)
1051 4174 1120 4224 sqq,
1144 4155 1214 4209 mihi
1232 4154 1340 4224 probari
1356 4145 1441 4217 signifi·

329 4235 391 4289 cavi
410 4235 505 4289 Enarr.
530 4255 556 4305 p.
576 4244 623 4304 43,
646 4243 744 4308 utpote
770 4243 850 4296 unius
876 4243 994 4298 Munatii
1019 4243 1140 4308 ACQVE
1163 4244 1315 4299 exhibentis
1338 4231 1440 4311 pertenui

328 4324 381 4377 lide
401 4325 555 4377 nitentem)
596 4327 624 4378 [ἃ
644 4327 699 4394 Wl
