<?xml version="1.0" encoding="UTF-8"?>
<!DOCTYPE html PUBLIC "-//W3C//DTD XHTML 1.0 Transitional//EN"
    "http://www.w3.org/TR/xhtml1/DTD/xhtml1-transitional.dtd">
<html xmlns="http://www.w3.org/1999/xhtml" xml:lang="en" lang="en">
 <head>
  <title>
</title>
<meta http-equiv="Content-Type" content="text/html;charset=utf-8" />
  <meta name='ocr-system' content='tesseract 3.04.00' />
  <meta name='ocr-capabilities' content='ocr_page ocr_carea ocr_par ocr_line ocrx_word'/>
</head>
<body>
  <div class='ocr_page' id='page_1' title='image "./fridericiritsch03ritsgoog_0507.png"; bbox 0 0 2984 5122; ppageno 0'>
   <div class='ocr_carea' id='block_1_1' title="bbox 307 321 1487 413">
    <p class='ocr_par' dir='ltr' id='par_1_1' title="bbox 307 321 1487 413">
     <span class='ocr_line' id='line_1_1' title="bbox 307 321 1487 413; baseline -0.008 -11"><span class='ocrx_word' id='word_1_1' title='bbox 307 337 373 402; x_wconf 75' lang='lat'>470</span> <span class='ocrx_word' id='word_1_2' title='bbox 420 355 467 400; x_wconf 84' lang='lat' dir='ltr'>nn</span> <span class='ocrx_word' id='word_1_3' title='bbox 492 351 754 400; x_wconf 76' lang='lat' dir='ltr'>nacaruamoua</span> <span class='ocrx_word' id='word_1_4' title='bbox 779 350 926 413; x_wconf 78' lang='lat' dir='ltr'>ovanair</span> <span class='ocrx_word' id='word_1_5' title='bbox 949 349 1084 398; x_wconf 73' lang='lat' dir='ltr'>unsrun</span> <span class='ocrx_word' id='word_1_6' title='bbox 1106 348 1364 397; x_wconf 79' lang='lat' dir='ltr'>nucounmionn.</span> <span class='ocrx_word' id='word_1_7' title='bbox 1486 321 1487 384; x_wconf 73' lang='lat' dir='ltr'>l</span> 
     </span>
    </p>
   </div>
   <div class='ocr_carea' id='block_1_2' title="bbox 269 493 1487 3366">
    <p class='ocr_par' dir='ltr' id='par_1_2' title="bbox 269 493 1487 3366">
     <span class='ocr_line' id='line_1_2' title="bbox 308 493 1426 582; baseline -0.005 -20"><span class='ocrx_word' id='word_1_8' title='bbox 308 497 578 582; x_wconf 86' lang='lat' dir='ltr'>disputationem,</span> <span class='ocrx_word' id='word_1_9' title='bbox 610 519 691 581; x_wconf 87' lang='lat' dir='ltr'>quae</span> <span class='ocrx_word' id='word_1_10' title='bbox 719 496 783 560; x_wconf 87' lang='lat' dir='ltr'>fuit</span> <span class='ocrx_word' id='word_1_11' title='bbox 810 494 848 558; x_wconf 94' lang='lat' dir='ltr'>de</span> <span class='ocrx_word' id='word_1_12' title='bbox 878 495 1092 560; x_wconf 77' lang='lat' dir='ltr'>declinatione</span> <span class='ocrx_word' id='word_1_13' title='bbox 1116 493 1253 579; x_wconf 87' lang='lat' dir='ltr'>quadam</span> <span class='ocrx_word' id='word_1_14' title='bbox 1279 493 1370 557; x_wconf 85' lang='lat' dir='ltr'>latina</span> <span class='ocrx_word' id='word_1_15' title='bbox 1388 517 1426 557; x_wconf 89' lang='lat' dir='ltr'>re-</span> 
     </span>
     <span class='ocr_line' id='line_1_3' title="bbox 308 599 1428 686; baseline -0.007 -16"><span class='ocrx_word' id='word_1_16' title='bbox 308 605 497 686; x_wconf 85' lang='lat' dir='ltr'>conditiora,</span> <span class='ocrx_word' id='word_1_17' title='bbox 520 603 572 667; x_wconf 90' lang='lat' dir='ltr'>vel</span> <span class='ocrx_word' id='word_1_18' title='bbox 595 603 711 666; x_wconf 90' lang='lat' dir='ltr'>leviter</span> <span class='ocrx_word' id='word_1_19' title='bbox 734 601 916 686; x_wconf 72' lang='lat' dir='ltr'><strong>attigerint,</strong></span> <span class='ocrx_word' id='word_1_20' title='bbox 947 601 1000 665; x_wconf 86' lang='lat' dir='ltr'>vix</span> <span class='ocrx_word' id='word_1_21' title='bbox 1025 599 1232 664; x_wconf 71' lang='lat' dir='ltr'>dubitaturos</span> <span class='ocrx_word' id='word_1_22' title='bbox 1256 601 1428 684; x_wconf 85' lang='lat' dir='ltr'>suspicamur</span> 
     </span>
     <span class='ocr_line' id='line_1_4' title="bbox 309 707 1428 798; baseline -0.004 -21"><span class='ocrx_word' id='word_1_23' title='bbox 309 714 387 798; x_wconf 91' lang='lat' dir='ltr'>quin</span> <span class='ocrx_word' id='word_1_24' title='bbox 420 712 530 776; x_wconf 87' lang='lat' dir='ltr'>eadem</span> <span class='ocrx_word' id='word_1_25' title='bbox 563 732 695 793; x_wconf 87' lang='lat' dir='ltr'>prorsus</span> <span class='ocrx_word' id='word_1_26' title='bbox 726 710 813 773; x_wconf 88' lang='lat' dir='ltr'>inter</span> <span class='ocrx_word' id='word_1_27' title='bbox 840 708 978 773; x_wconf 83' lang='lat' dir='ltr'>Verres</span> <span class='ocrx_word' id='word_1_28' title='bbox 1009 710 1060 773; x_wconf 90' lang='lat' dir='ltr'>vel</span> <span class='ocrx_word' id='word_1_29' title='bbox 1083 707 1214 772; x_wconf 89' lang='lat' dir='ltr'>Verris</span> <span class='ocrx_word' id='word_1_30' title='bbox 1242 713 1274 773; x_wconf 89' lang='lat' dir='ltr'>et</span> <span class='ocrx_word' id='word_1_31' title='bbox 1294 707 1428 773; x_wconf 88' lang='lat' dir='ltr'>Verrius</span> 
     </span>
     <span class='ocr_line' id='line_1_5' title="bbox 308 813 1430 901; baseline -0.005 -17"><span class='ocrx_word' id='word_1_32' title='bbox 308 820 432 884; x_wconf 81' lang='lat' dir='ltr'>formas</span> <span class='ocrx_word' id='word_1_33' title='bbox 461 821 557 901; x_wconf 89' lang='lat' dir='ltr'>atque</span> <span class='ocrx_word' id='word_1_34' title='bbox 586 817 672 880; x_wconf 89' lang='lat' dir='ltr'>inter</span> <span class='ocrx_word' id='word_1_35' title='bbox 696 813 828 881; x_wconf 81' lang='lat' dir='ltr'>Clodia</span> <span class='ocrx_word' id='word_1_36' title='bbox 857 818 890 879; x_wconf 91' lang='lat' dir='ltr'>et</span> <span class='ocrx_word' id='word_1_37' title='bbox 914 815 1088 899; x_wconf 82' lang='lat' dir='ltr'>Clodius,</span> <span class='ocrx_word' id='word_1_38' title='bbox 1116 814 1284 880; x_wconf 76' lang='lat' dir='ltr'>Caecilia</span> <span class='ocrx_word' id='word_1_39' title='bbox 1306 819 1336 880; x_wconf 92' lang='lat' dir='ltr'>et</span> <span class='ocrx_word' id='word_1_40' title='bbox 1355 815 1430 879; x_wconf 74' lang='lat' dir='ltr'>Vas·</span> 
     </span>
     <span class='ocr_line' id='line_1_6' title="bbox 310 922 1431 1008; baseline -0.009 -16"><span class='ocrx_word' id='word_1_41' title='bbox 310 928 441 1008; x_wconf 87' lang='lat' dir='ltr'>cilius,</span> <span class='ocrx_word' id='word_1_42' title='bbox 472 924 638 988; x_wconf 85' lang='lat' dir='ltr'>Tusanis</span> <span class='ocrx_word' id='word_1_43' title='bbox 672 928 704 986; x_wconf 91' lang='lat' dir='ltr'>et</span> <span class='ocrx_word' id='word_1_44' title='bbox 736 922 943 1006; x_wconf 84' lang='lat' dir='ltr'>Tusanius,</span> <span class='ocrx_word' id='word_1_45' title='bbox 979 922 1217 1007; x_wconf 80' lang='lat' dir='ltr'>Ragoniset</span> <span class='ocrx_word' id='word_1_46' title='bbox 1247 923 1431 1008; x_wconf 72' lang='lat' dir='ltr'>Ragonius,</span> 
     </span>
     <span class='ocr_line' id='line_1_7' title="bbox 310 1029 1431 1113; baseline -0.005 -14"><span class='ocrx_word' id='word_1_47' title='bbox 310 1033 456 1099; x_wconf 84' lang='lat' dir='ltr'>Anavis</span> <span class='ocrx_word' id='word_1_48' title='bbox 486 1036 518 1095; x_wconf 91' lang='lat' dir='ltr'>et</span> <span class='ocrx_word' id='word_1_49' title='bbox 548 1030 732 1113; x_wconf 87' lang='lat' dir='ltr'>Anavius,</span> <span class='ocrx_word' id='word_1_50' title='bbox 764 1029 941 1094; x_wconf 89' lang='lat' dir='ltr'>Menates</span> <span class='ocrx_word' id='word_1_51' title='bbox 970 1033 1003 1094; x_wconf 91' lang='lat' dir='ltr'>et</span> <span class='ocrx_word' id='word_1_52' title='bbox 1029 1029 1216 1094; x_wconf 87' lang='lat' dir='ltr'>Minatius</span> <span class='ocrx_word' id='word_1_53' title='bbox 1246 1031 1327 1096; x_wconf 88' lang='lat' dir='ltr'>ratio</span> <span class='ocrx_word' id='word_1_54' title='bbox 1352 1031 1431 1094; x_wconf 80' lang='lat' dir='ltr'>inter·</span> 
     </span>
     <span class='ocr_line' id='line_1_8' title="bbox 311 1137 1485 1230; baseline -0.006 -23"><span class='ocrx_word' id='word_1_55' title='bbox 311 1143 410 1208; x_wconf 86' lang='lat' dir='ltr'>cedat.</span> <span class='ocrx_word' id='word_1_56' title='bbox 455 1139 524 1204; x_wconf 92' lang='lat' dir='ltr'>Nec</span> <span class='ocrx_word' id='word_1_57' title='bbox 548 1138 709 1202; x_wconf 88' lang='lat' dir='ltr'>dubitavit</span> <span class='ocrx_word' id='word_1_58' title='bbox 732 1139 870 1203; x_wconf 87' lang='lat' dir='ltr'>Iacobus</span> <span class='ocrx_word' id='word_1_59' title='bbox 894 1137 1090 1222; x_wconf 87' lang='lat' dir='ltr'>Bernaysius</span> <span class='ocrx_word' id='word_1_60' title='bbox 1121 1143 1240 1223; x_wconf 86' lang='lat' dir='ltr'>noster,</span> <span class='ocrx_word' id='word_1_61' title='bbox 1268 1139 1388 1203; x_wconf 88' lang='lat' dir='ltr'>aeuius</span> <span class='ocrx_word' id='word_1_62' title='bbox 1407 1138 1432 1200; x_wconf 90' lang='lat' dir='ltr'>in</span> <span class='ocrx_word' id='word_1_63' title='bbox 1484 1213 1485 1230; x_wconf 44' lang='lat'>,</span> 
     </span>
     <span class='ocr_line' id='line_1_9' title="bbox 311 1244 1485 1334; baseline -0.006 -20"><span class='ocrx_word' id='word_1_64' title='bbox 311 1250 371 1314; x_wconf 86' lang='lat' dir='ltr'>hae</span> <span class='ocrx_word' id='word_1_65' title='bbox 405 1269 521 1313; x_wconf 82' lang='lat' dir='ltr'>caussa</span> <span class='ocrx_word' id='word_1_66' title='bbox 555 1244 775 1309; x_wconf 72' lang='lat' dir='ltr'>admonitione</span> <span class='ocrx_word' id='word_1_67' title='bbox 808 1244 1050 1329; x_wconf 88' lang='lat' dir='ltr'>proficiscimur.</span> <span class='ocrx_word' id='word_1_68' title='bbox 1099 1246 1169 1310; x_wconf 86' lang='lat' dir='ltr'>Nec</span> <span class='ocrx_word' id='word_1_69' title='bbox 1201 1247 1286 1331; x_wconf 93' lang='lat' dir='ltr'>quod</span> <span class='ocrx_word' id='word_1_70' title='bbox 1316 1246 1432 1311; x_wconf 80' lang='lat' dir='ltr'>eiusdem</span> <span class='ocrx_word' id='word_1_71' title='bbox 1484 1253 1485 1334; x_wconf 47' lang='lat' dir='ltr'>l</span> 
     </span>
     <span class='ocr_line' id='line_1_10' title="bbox 312 1351 1433 1442; baseline -0.005 -22"><span class='ocrx_word' id='word_1_72' title='bbox 312 1356 418 1442; x_wconf 82' lang='lat' dir='ltr'>gentis</span> <span class='ocrx_word' id='word_1_73' title='bbox 453 1354 536 1418; x_wconf 89' lang='lat' dir='ltr'>aliae</span> <span class='ocrx_word' id='word_1_74' title='bbox 569 1352 715 1416; x_wconf 86' lang='lat' dir='ltr'>familiae</span> <span class='ocrx_word' id='word_1_75' title='bbox 747 1352 917 1436; x_wconf 89' lang='lat' dir='ltr'>pristinam</span> <span class='ocrx_word' id='word_1_76' title='bbox 941 1351 1078 1416; x_wconf 86' lang='lat' dir='ltr'>Verres</span> <span class='ocrx_word' id='word_1_77' title='bbox 1110 1351 1252 1418; x_wconf 87' lang='lat' dir='ltr'>formam</span> <span class='ocrx_word' id='word_1_78' title='bbox 1280 1359 1433 1432; x_wconf 76' lang='lat' dir='ltr'>servarunt,</span> 
     </span>
     <span class='ocr_line' id='line_1_11' title="bbox 311 1456 1432 1542; baseline -0.003 -16"><span class='ocrx_word' id='word_1_79' title='bbox 311 1461 523 1526; x_wconf 77' lang='lat' dir='ltr'>recentiorem</span> <span class='ocrx_word' id='word_1_80' title='bbox 551 1458 710 1522; x_wconf 90' lang='lat' dir='ltr'>Verrius</span> <span class='ocrx_word' id='word_1_81' title='bbox 744 1457 930 1522; x_wconf 88' lang='lat' dir='ltr'>asciverunt</span> <span class='ocrx_word' id='word_1_82' title='bbox 958 1456 1054 1542; x_wconf 88' lang='lat' dir='ltr'>aliae,</span> <span class='ocrx_word' id='word_1_83' title='bbox 1086 1459 1158 1542; x_wconf 91' lang='lat' dir='ltr'>plus</span> <span class='ocrx_word' id='word_1_84' title='bbox 1188 1461 1238 1524; x_wconf 82' lang='lat' dir='ltr'>rel</span> <span class='ocrx_word' id='word_1_85' title='bbox 1271 1459 1432 1525; x_wconf 81' lang='lat' dir='ltr'>offensionis</span> 
     </span>
     <span class='ocr_line' id='line_1_12' title="bbox 312 1543 1485 1652; baseline -0.004 -19"><span class='ocrx_word' id='word_1_86' title='bbox 312 1569 363 1633; x_wconf 92' lang='lat' dir='ltr'>vel</span> <span class='ocrx_word' id='word_1_87' title='bbox 388 1565 571 1632; x_wconf 78' lang='lat' dir='ltr'>mirationis</span> <span class='ocrx_word' id='word_1_88' title='bbox 595 1564 696 1628; x_wconf 86' lang='lat' dir='ltr'>habet</span> <span class='ocrx_word' id='word_1_89' title='bbox 715 1588 811 1648; x_wconf 90' lang='lat' dir='ltr'>quam</span> <span class='ocrx_word' id='word_1_90' title='bbox 832 1565 915 1648; x_wconf 92' lang='lat' dir='ltr'>quod</span> <span class='ocrx_word' id='word_1_91' title='bbox 938 1565 1110 1630; x_wconf 89' lang='lat' dir='ltr'>earundem</span> <span class='ocrx_word' id='word_1_92' title='bbox 1130 1567 1277 1652; x_wconf 84' lang='lat' dir='ltr'>gentium</span> <span class='ocrx_word' id='word_1_93' title='bbox 1296 1571 1326 1631; x_wconf 87' lang='lat' dir='ltr'>et</span> <span class='ocrx_word' id='word_1_94' title='bbox 1344 1565 1432 1631; x_wconf 87' lang='lat' dir='ltr'>Clau·</span> <span class='ocrx_word' id='word_1_95' title='bbox 1484 1543 1485 1552; x_wconf 9' lang='grc' dir='ltr'>ἵ</span> 
     </span>
     <span class='ocr_line' id='line_1_13' title="bbox 313 1671 1487 1759; baseline -0.002 -19"><span class='ocrx_word' id='word_1_96' title='bbox 313 1677 366 1740; x_wconf 94' lang='lat' dir='ltr'>dii</span> <span class='ocrx_word' id='word_1_97' title='bbox 390 1679 422 1739; x_wconf 94' lang='lat' dir='ltr'>et</span> <span class='ocrx_word' id='word_1_98' title='bbox 445 1671 588 1757; x_wconf 82' lang='lat' dir='ltr'>Clodii,</span> <span class='ocrx_word' id='word_1_99' title='bbox 612 1677 645 1736; x_wconf 94' lang='lat' dir='ltr'>et</span> <span class='ocrx_word' id='word_1_100' title='bbox 667 1672 815 1737; x_wconf 88' lang='lat' dir='ltr'>Plautii</span> <span class='ocrx_word' id='word_1_101' title='bbox 840 1676 873 1737; x_wconf 91' lang='lat' dir='ltr'>et</span> <span class='ocrx_word' id='word_1_102' title='bbox 895 1673 1015 1738; x_wconf 91' lang='lat' dir='ltr'>Plotii</span> <span class='ocrx_word' id='word_1_103' title='bbox 1039 1674 1179 1738; x_wconf 83' lang='lat' dir='ltr'>fuerunt.</span> <span class='ocrx_word' id='word_1_104' title='bbox 1217 1674 1347 1739; x_wconf 82' lang='lat' dir='ltr'>Accedit</span> <span class='ocrx_word' id='word_1_105' title='bbox 1367 1675 1432 1759; x_wconf 88' lang='lat' dir='ltr'>quod</span> <span class='ocrx_word' id='word_1_106' title='bbox 1486 1735 1487 1754; x_wconf 64' lang='lat'>,</span> 
     </span>
     <span class='ocr_line' id='line_1_14' title="bbox 313 1779 1484 1860; baseline -0.006 -12"><span class='ocrx_word' id='word_1_107' title='bbox 313 1785 360 1848; x_wconf 77' lang='lat' dir='ltr'>lca</span> <span class='ocrx_word' id='word_1_108' title='bbox 384 1783 494 1846; x_wconf 77' lang='lat' dir='ltr'>Verrio</span> <span class='ocrx_word' id='word_1_109' title='bbox 518 1781 635 1845; x_wconf 91' lang='lat' dir='ltr'>dieitur</span> <span class='ocrx_word' id='word_1_110' title='bbox 659 1779 806 1846; x_wconf 83' lang='lat' dir='ltr'>Ciceroni</span> <span class='ocrx_word' id='word_1_111' title='bbox 830 1786 934 1846; x_wconf 78' lang='lat' dir='ltr'>decus.</span> <span class='ocrx_word' id='word_1_112' title='bbox 962 1782 995 1845; x_wconf 93' lang='lat' dir='ltr'>in</span> <span class='ocrx_word' id='word_1_113' title='bbox 1019 1780 1110 1845; x_wconf 91' lang='lat' dir='ltr'>Verr.</span> <span class='ocrx_word' id='word_1_114' title='bbox 1137 1782 1158 1845; x_wconf 93' lang='lat' dir='ltr'>l.</span> <span class='ocrx_word' id='word_1_115' title='bbox 1181 1781 1233 1847; x_wconf 91' lang='grc' dir='ltr'>ΠΙ</span> <span class='ocrx_word' id='word_1_116' title='bbox 1260 1805 1286 1847; x_wconf 87' lang='lat' dir='ltr'>e.</span> <span class='ocrx_word' id='word_1_117' title='bbox 1308 1783 1357 1860; x_wconf 79' lang='lat'>49,</span> <span class='ocrx_word' id='word_1_118' title='bbox 1376 1783 1433 1844; x_wconf 71' lang='lat' dir='ltr'>lli:</span> <span class='ocrx_word' id='word_1_119' title='bbox 1479 1805 1484 1859; x_wconf 65' lang='lat'>,¹</span> 
     </span>
     <span class='ocr_line' id='line_1_15' title="bbox 313 1887 1433 1973; baseline -0.004 -20"><span class='ocrx_word' id='word_1_120' title='bbox 313 1912 410 1973; x_wconf 89' lang='lat' dir='ltr'>quam</span> <span class='ocrx_word' id='word_1_121' title='bbox 434 1889 572 1952; x_wconf 87' lang='lat' dir='ltr'>formum</span> <span class='ocrx_word' id='word_1_122' title='bbox 591 1887 676 1950; x_wconf 92' lang='lat' dir='ltr'>unde</span> <span class='ocrx_word' id='word_1_123' title='bbox 695 1887 827 1951; x_wconf 89' lang='lat' dir='ltr'>tandem</span> <span class='ocrx_word' id='word_1_124' title='bbox 845 1888 909 1952; x_wconf 89' lang='lat' dir='ltr'>nisi</span> <span class='ocrx_word' id='word_1_125' title='bbox 928 1891 1094 1971; x_wconf 83' lang='lat' dir='ltr'>tamquam</span> <span class='ocrx_word' id='word_1_126' title='bbox 1114 1911 1133 1952; x_wconf 90' lang='lat' dir='ltr'>a</span> <span class='ocrx_word' id='word_1_127' title='bbox 1149 1887 1306 1952; x_wconf 88' lang='lat' dir='ltr'>Verrius</span> <span class='ocrx_word' id='word_1_128' title='bbox 1327 1889 1433 1952; x_wconf 81' lang='lat' dir='ltr'>nomine</span> 
     </span>
     <span class='ocr_line' id='line_1_16' title="bbox 269 1993 1483 2079; baseline 0 -21"><span class='ocrx_word' id='word_1_129' title='bbox 269 2013 302 2050; x_wconf 86' lang='lat' dir='ltr'>1v</span> <span class='ocrx_word' id='word_1_130' title='bbox 313 1995 432 2060; x_wconf 73' lang='lat' dir='ltr'>‹lirces‘l</span> <span class='ocrx_word' id='word_1_131' title='bbox 466 1993 604 2078; x_wconf 86' lang='lat' dir='ltr'>quando,</span> <span class='ocrx_word' id='word_1_132' title='bbox 627 1995 682 2077; x_wconf 94' lang='lat' dir='ltr'>qui</span> <span class='ocrx_word' id='word_1_133' title='bbox 706 2016 723 2057; x_wconf 92' lang='lat' dir='ltr'>e</span> <span class='ocrx_word' id='word_1_134' title='bbox 747 1993 883 2057; x_wconf 84' lang='lat' dir='ltr'>Verres</span> <span class='ocrx_word' id='word_1_135' title='bbox 906 1995 964 2058; x_wconf 90' lang='lat' dir='ltr'>fiat</span> <span class='ocrx_word' id='word_1_136' title='bbox 986 1993 1144 2058; x_wconf 75' lang='lat' dir='ltr'>Verrius</span> <span class='ocrx_word' id='word_1_137' title='bbox 1167 1995 1369 2078; x_wconf 87' lang='lat' dir='ltr'>adieetivum,</span> <span class='ocrx_word' id='word_1_138' title='bbox 1393 2018 1433 2079; x_wconf 86' lang='lat' dir='ltr'>pa·</span> <span class='ocrx_word' id='word_1_139' title='bbox 1482 1993 1483 1997; x_wconf 64' lang='grc'>’</span> 
     </span>
     <span class='ocr_line' id='line_1_17' title="bbox 313 2099 1433 2187; baseline -0.003 -21"><span class='ocrx_word' id='word_1_140' title='bbox 313 2125 384 2166; x_wconf 87' lang='lat' dir='ltr'>rurn</span> <span class='ocrx_word' id='word_1_141' title='bbox 409 2101 554 2187; x_wconf 81' lang='lat' dir='ltr'>profecto</span> <span class='ocrx_word' id='word_1_142' title='bbox 578 2101 688 2184; x_wconf 91' lang='lat' dir='ltr'>liquet.</span> <span class='ocrx_word' id='word_1_143' title='bbox 729 2099 821 2176; x_wconf 83' lang='lat' dir='ltr'>Quod</span> <span class='ocrx_word' id='word_1_144' title='bbox 846 2103 953 2164; x_wconf 87' lang='lat' dir='ltr'>autem</span> <span class='ocrx_word' id='word_1_145' title='bbox 978 2101 1154 2186; x_wconf 84' lang='lat' dir='ltr'>antiquiori</span> <span class='ocrx_word' id='word_1_146' title='bbox 1177 2101 1313 2167; x_wconf 87' lang='lat' dir='ltr'>Verres</span> <span class='ocrx_word' id='word_1_147' title='bbox 1334 2103 1433 2166; x_wconf 76' lang='lat' dir='ltr'>formae</span> 
     </span>
     <span class='ocr_line' id='line_1_18' title="bbox 313 2208 1431 2294; baseline -0.004 -20"><span class='ocrx_word' id='word_1_148' title='bbox 313 2233 379 2274; x_wconf 92' lang='lat' dir='ltr'>non</span> <span class='ocrx_word' id='word_1_149' title='bbox 404 2215 453 2274; x_wconf 90' lang='lat' dir='ltr'>est</span> <span class='ocrx_word' id='word_1_150' title='bbox 476 2211 639 2274; x_wconf 88' lang='lat' dir='ltr'>recentior</span> <span class='ocrx_word' id='word_1_151' title='bbox 662 2208 791 2273; x_wconf 80' lang='lat' dir='ltr'>Verris</span> <span class='ocrx_word' id='word_1_152' title='bbox 820 2208 1013 2292; x_wconf 87' lang='lat' dir='ltr'>substituta,</span> <span class='ocrx_word' id='word_1_153' title='bbox 1042 2209 1110 2273; x_wconf 87' lang='lat' dir='ltr'>eius</span> <span class='ocrx_word' id='word_1_154' title='bbox 1138 2209 1185 2272; x_wconf 89' lang='lat' dir='ltr'>rei</span> <span class='ocrx_word' id='word_1_155' title='bbox 1208 2231 1321 2274; x_wconf 83' lang='lat' dir='ltr'>caussa</span> <span class='ocrx_word' id='word_1_156' title='bbox 1348 2211 1431 2294; x_wconf 79' lang='lat' dir='ltr'>potuit</span> 
     </span>
     <span class='ocr_line' id='line_1_19' title="bbox 315 2315 1431 2402; baseline -0.004 -20"><span class='ocrx_word' id='word_1_157' title='bbox 315 2317 504 2401; x_wconf 85' lang='lat' dir='ltr'>appellativi</span> <span class='ocrx_word' id='word_1_158' title='bbox 528 2316 681 2399; x_wconf 92' lang='lat' dir='ltr'>nominis,</span> <span class='ocrx_word' id='word_1_159' title='bbox 706 2315 790 2400; x_wconf 93' lang='lat' dir='ltr'>quod</span> <span class='ocrx_word' id='word_1_160' title='bbox 815 2318 865 2379; x_wconf 89' lang='lat' dir='ltr'>est</span> <span class='ocrx_word' id='word_1_161' title='bbox 887 2337 1031 2399; x_wconf 77' lang='lat' dir='ltr'>vetrae,</span> <span class='ocrx_word' id='word_1_162' title='bbox 1059 2315 1242 2381; x_wconf 87' lang='lat' dir='ltr'>recordatio</span> <span class='ocrx_word' id='word_1_163' title='bbox 1265 2321 1358 2402; x_wconf 87' lang='lat' dir='ltr'>atque</span> <span class='ocrx_word' id='word_1_164' title='bbox 1378 2339 1431 2380; x_wconf 86' lang='lat' dir='ltr'>eon·</span> 
     </span>
     <span class='ocr_line' id='line_1_20' title="bbox 315 2422 1481 2517; baseline -0.006 -28"><span class='ocrx_word' id='word_1_165' title='bbox 315 2425 451 2489; x_wconf 90' lang='lat' dir='ltr'>suetudo</span> <span class='ocrx_word' id='word_1_166' title='bbox 485 2445 564 2488; x_wconf 78' lang='lat' dir='ltr'>esse,</span> <span class='ocrx_word' id='word_1_167' title='bbox 611 2422 703 2498; x_wconf 78' lang='lat' dir='ltr'>Quod</span> <span class='ocrx_word' id='word_1_168' title='bbox 735 2423 762 2486; x_wconf 91' lang='lat' dir='ltr'>si</span> <span class='ocrx_word' id='word_1_169' title='bbox 790 2423 896 2506; x_wconf 88' lang='lat' dir='ltr'>ipsum</span> <span class='ocrx_word' id='word_1_170' title='bbox 927 2424 1059 2487; x_wconf 88' lang='lat' dir='ltr'>transiit</span> <span class='ocrx_word' id='word_1_171' title='bbox 1092 2444 1168 2488; x_wconf 88' lang='lat' dir='ltr'>sane</span> <span class='ocrx_word' id='word_1_172' title='bbox 1202 2424 1385 2507; x_wconf 87' lang='lat' dir='ltr'>aliquotiens</span> <span class='ocrx_word' id='word_1_173' title='bbox 1410 2422 1430 2484; x_wconf 90' lang='lat' dir='ltr'>in</span> <span class='ocrx_word' id='word_1_174' title='bbox 1475 2446 1481 2517; x_wconf 63' lang='lat' dir='ltr'>p</span> 
     </span>
     <span class='ocr_line' id='line_1_21' title="bbox 315 2531 1430 2615; baseline -0.005 -19"><span class='ocrx_word' id='word_1_175' title='bbox 315 2533 440 2596; x_wconf 87' lang='lat' dir='ltr'>verris</span> <span class='ocrx_word' id='word_1_176' title='bbox 465 2532 617 2614; x_wconf 89' lang='lat' dir='ltr'>formam,</span> <span class='ocrx_word' id='word_1_177' title='bbox 641 2531 702 2594; x_wconf 90' lang='lat' dir='ltr'>hoc</span> <span class='ocrx_word' id='word_1_178' title='bbox 726 2534 837 2594; x_wconf 86' lang='lat' dir='ltr'>tamen</span> <span class='ocrx_word' id='word_1_179' title='bbox 860 2531 956 2594; x_wconf 87' lang='lat' dir='ltr'>facile</span> <span class='ocrx_word' id='word_1_180' title='bbox 980 2531 1182 2615; x_wconf 84' lang='lat' dir='ltr'>intellegitur</span> <span class='ocrx_word' id='word_1_181' title='bbox 1204 2553 1271 2596; x_wconf 90' lang='lat' dir='ltr'>non</span> <span class='ocrx_word' id='word_1_182' title='bbox 1292 2532 1364 2595; x_wconf 91' lang='lat' dir='ltr'>illue</span> <span class='ocrx_word' id='word_1_183' title='bbox 1383 2552 1430 2614; x_wconf 81' lang='lat' dir='ltr'>per·</span> 
     </span>
     <span class='ocr_line' id='line_1_22' title="bbox 314 2638 1429 2724; baseline -0.007 -20"><span class='ocrx_word' id='word_1_184' title='bbox 314 2641 431 2721; x_wconf 83' lang='lat' dir='ltr'>tinere,</span> <span class='ocrx_word' id='word_1_185' title='bbox 465 2638 519 2703; x_wconf 89' lang='lat' dir='ltr'>sed</span> <span class='ocrx_word' id='word_1_186' title='bbox 553 2660 664 2702; x_wconf 91' lang='lat' dir='ltr'>eorum</span> <span class='ocrx_word' id='word_1_187' title='bbox 698 2638 908 2701; x_wconf 87' lang='lat' dir='ltr'>similitudine</span> <span class='ocrx_word' id='word_1_188' title='bbox 940 2639 1009 2724; x_wconf 85' lang='lat' dir='ltr'>regi</span> <span class='ocrx_word' id='word_1_189' title='bbox 1043 2661 1123 2722; x_wconf 88' lang='lat' dir='ltr'>quae</span> <span class='ocrx_word' id='word_1_190' title='bbox 1154 2643 1231 2703; x_wconf 90' lang='lat' dir='ltr'>sunt</span> <span class='ocrx_word' id='word_1_191' title='bbox 1262 2639 1429 2722; x_wconf 80' lang='lat' dir='ltr'>volpesu</span> 
     </span>
     <span class='ocr_line' id='line_1_23' title="bbox 314 2741 1431 2830; baseline -0.007 -21"><span class='ocrx_word' id='word_1_192' title='bbox 314 2747 455 2830; x_wconf 82' lang='lat' dir='ltr'>volpis,</span> <span class='ocrx_word' id='word_1_193' title='bbox 489 2750 645 2830; x_wconf 90' lang='lat' dir='ltr'>torques</span> <span class='ocrx_word' id='word_1_194' title='bbox 678 2747 711 2808; x_wconf 88' lang='lat' dir='ltr'>et</span> <span class='ocrx_word' id='word_1_195' title='bbox 743 2745 908 2828; x_wconf 83' lang='lat' dir='ltr'>torquis,</span> <span class='ocrx_word' id='word_1_196' title='bbox 940 2767 1055 2828; x_wconf 88' lang='lat' dir='ltr'>rupes</span> <span class='ocrx_word' id='word_1_197' title='bbox 1084 2749 1116 2808; x_wconf 89' lang='lat' dir='ltr'>et</span> <span class='ocrx_word' id='word_1_198' title='bbox 1146 2747 1254 2830; x_wconf 89' lang='lat' dir='ltr'>rupis</span> <span class='ocrx_word' id='word_1_199' title='bbox 1287 2768 1354 2810; x_wconf 92' lang='lat' dir='ltr'>cum</span> <span class='ocrx_word' id='word_1_200' title='bbox 1379 2741 1431 2806; x_wconf 76' lang='lat' dir='ltr'>aliis</span> 
     </span>
     <span class='ocr_line' id='line_1_24' title="bbox 315 2851 1430 2937; baseline -0.005 -23"><span class='ocrx_word' id='word_1_201' title='bbox 315 2853 475 2937; x_wconf 70' lang='lat' dir='ltr'>plurima,</span> <span class='ocrx_word' id='word_1_202' title='bbox 500 2852 538 2916; x_wconf 94' lang='lat' dir='ltr'>de</span> <span class='ocrx_word' id='word_1_203' title='bbox 563 2852 679 2936; x_wconf 87' lang='lat' dir='ltr'>quibus</span> <span class='ocrx_word' id='word_1_204' title='bbox 699 2851 838 2916; x_wconf 84' lang='lat' dir='ltr'>diximus</span> <span class='ocrx_word' id='word_1_205' title='bbox 858 2851 962 2916; x_wconf 90' lang='lat' dir='ltr'>Musei</span> <span class='ocrx_word' id='word_1_206' title='bbox 981 2852 1084 2916; x_wconf 87' lang='lat' dir='ltr'>Rhen.</span> <span class='ocrx_word' id='word_1_207' title='bbox 1102 2852 1132 2916; x_wconf 85' lang='lat' dir='ltr'>X</span> <span class='ocrx_word' id='word_1_208' title='bbox 1151 2876 1181 2936; x_wconf 94' lang='lat' dir='ltr'>p.</span> <span class='ocrx_word' id='word_1_209' title='bbox 1197 2853 1262 2917; x_wconf 80' lang='lat'>453</span> <span class='ocrx_word' id='word_1_210' title='bbox 1274 2855 1327 2934; x_wconf 88' lang='lat'>[=</span> <span class='ocrx_word' id='word_1_211' title='bbox 1341 2851 1430 2933; x_wconf 63' lang='lat' dir='ltr'>Opust.</span> 
     </span>
     <span class='ocr_line' id='line_1_25' title="bbox 316 2955 1429 3044; baseline -0.007 -20"><span class='ocrx_word' id='word_1_212' title='bbox 316 2960 348 3024; x_wconf 90' lang='lat' dir='ltr'>II</span> <span class='ocrx_word' id='word_1_213' title='bbox 368 2983 397 3044; x_wconf 92' lang='lat' dir='ltr'>p.</span> <span class='ocrx_word' id='word_1_214' title='bbox 413 2959 501 3038; x_wconf 60' lang='lat' dir='ltr'>culp.</span> <span class='ocrx_word' id='word_1_215' title='bbox 530 2960 644 3042; x_wconf 91' lang='lat' dir='ltr'>ltaque</span> <span class='ocrx_word' id='word_1_216' title='bbox 664 2958 935 3043; x_wconf 92' lang='lat' dir='ltr'>quemadmodum</span> <span class='ocrx_word' id='word_1_217' title='bbox 959 2960 1098 3043; x_wconf 88' lang='lat' dir='ltr'>verris,</span> <span class='ocrx_word' id='word_1_218' title='bbox 1121 2982 1187 3024; x_wconf 92' lang='lat' dir='ltr'>non</span> <span class='ocrx_word' id='word_1_219' title='bbox 1211 2982 1352 3039; x_wconf 88' lang='lat' dir='ltr'>verres,</span> <span class='ocrx_word' id='word_1_220' title='bbox 1372 2955 1429 3018; x_wconf 84' lang='lat' dir='ltr'>Var-</span> 
     </span>
     <span class='ocr_line' id='line_1_26' title="bbox 317 3062 1429 3147; baseline -0.003 -17"><span class='ocrx_word' id='word_1_221' title='bbox 317 3069 387 3131; x_wconf 92' lang='lat' dir='ltr'>roni</span> <span class='ocrx_word' id='word_1_222' title='bbox 412 3067 528 3130; x_wconf 91' lang='lat' dir='ltr'>dieitur</span> <span class='ocrx_word' id='word_1_223' title='bbox 551 3067 598 3130; x_wconf 91' lang='lat' dir='ltr'>rei</span> <span class='ocrx_word' id='word_1_224' title='bbox 622 3071 700 3129; x_wconf 91' lang='lat' dir='ltr'>rust.</span> <span class='ocrx_word' id='word_1_225' title='bbox 724 3064 810 3147; x_wconf 81' lang='lat'>11,4</span> <span class='ocrx_word' id='word_1_226' title='bbox 834 3069 853 3146; x_wconf 64' lang='grc' dir='ltr'>ξ</span> <span class='ocrx_word' id='word_1_227' title='bbox 875 3067 893 3130; x_wconf 88' lang='grc'>8</span> <span class='ocrx_word' id='word_1_228' title='bbox 919 3071 951 3129; x_wconf 91' lang='lat' dir='ltr'>et</span> <span class='ocrx_word' id='word_1_229' title='bbox 974 3071 1011 3131; x_wconf 93' lang='lat' dir='ltr'>ut</span> <span class='ocrx_word' id='word_1_230' title='bbox 1035 3066 1162 3131; x_wconf 89' lang='lat' dir='ltr'>videtur</span> <span class='ocrx_word' id='word_1_231' title='bbox 1186 3067 1284 3131; x_wconf 89' lang='lat' dir='ltr'>etiam</span> <span class='ocrx_word' id='word_1_232' title='bbox 1307 3066 1375 3145; x_wconf 62' lang='lat'>54,</span> <span class='ocrx_word' id='word_1_233' title='bbox 1398 3062 1429 3123; x_wconf 69' lang='lat' dir='ltr'>ita</span> 
     </span>
     <span class='ocr_line' id='line_1_27' title="bbox 318 3165 1428 3257; baseline -0.005 -21"><span class='ocrx_word' id='word_1_234' title='bbox 318 3174 434 3236; x_wconf 92' lang='lat' dir='ltr'>mirum</span> <span class='ocrx_word' id='word_1_235' title='bbox 457 3196 523 3237; x_wconf 93' lang='lat' dir='ltr'>non</span> <span class='ocrx_word' id='word_1_236' title='bbox 546 3177 596 3235; x_wconf 91' lang='lat' dir='ltr'>est</span> <span class='ocrx_word' id='word_1_237' title='bbox 624 3172 809 3236; x_wconf 89' lang='lat' dir='ltr'>hominibus</span> <span class='ocrx_word' id='word_1_238' title='bbox 834 3195 960 3257; x_wconf 89' lang='lat' dir='ltr'>quoque</span> <span class='ocrx_word' id='word_1_239' title='bbox 988 3196 1053 3238; x_wconf 93' lang='lat' dir='ltr'>non</span> <span class='ocrx_word' id='word_1_240' title='bbox 1071 3172 1209 3238; x_wconf 91' lang='lat' dir='ltr'>Verres</span> <span class='ocrx_word' id='word_1_241' title='bbox 1240 3177 1371 3252; x_wconf 85' lang='lat' dir='ltr'>tantum,</span> <span class='ocrx_word' id='word_1_242' title='bbox 1390 3165 1428 3231; x_wconf 83' lang='lat' dir='ltr'>sed</span> 
     </span>
     <span class='ocr_line' id='line_1_28' title="bbox 318 3275 1429 3366; baseline -0.006 -24"><span class='ocrx_word' id='word_1_243' title='bbox 318 3280 414 3343; x_wconf 89' lang='lat' dir='ltr'>etiarn</span> <span class='ocrx_word' id='word_1_244' title='bbox 433 3279 562 3344; x_wconf 88' lang='lat' dir='ltr'>Verris</span> <span class='ocrx_word' id='word_1_245' title='bbox 591 3301 708 3343; x_wconf 90' lang='lat' dir='ltr'>nomen</span> <span class='ocrx_word' id='word_1_246' title='bbox 732 3280 812 3363; x_wconf 90' lang='lat' dir='ltr'>indi,</span> <span class='ocrx_word' id='word_1_247' title='bbox 835 3302 946 3345; x_wconf 88' lang='lat' dir='ltr'>verum</span> <span class='ocrx_word' id='word_1_248' title='bbox 971 3281 1002 3345; x_wconf 94' lang='lat' dir='ltr'>id</span> <span class='ocrx_word' id='word_1_249' title='bbox 1027 3303 1222 3366; x_wconf 86' lang='lat' dir='ltr'>cognomen,</span> <span class='ocrx_word' id='word_1_250' title='bbox 1244 3303 1308 3346; x_wconf 90' lang='lat' dir='ltr'>non</span> <span class='ocrx_word' id='word_1_251' title='bbox 1328 3275 1429 3364; x_wconf 82' lang='lat' dir='ltr'>gentili·</span> 
     </span>
    </p>
   </div>
   <div class='ocr_carea' id='block_1_3' title="bbox 318 3383 1482 3579">
    <p class='ocr_par' dir='ltr' id='par_1_3' title="bbox 318 3383 1482 3579">
     <span class='ocr_line' id='line_1_29' title="bbox 318 3383 1482 3482; baseline -0.001 -35"><span class='ocrx_word' id='word_1_252' title='bbox 318 3385 410 3448; x_wconf 89' lang='lat' dir='ltr'>cium.</span> <span class='ocrx_word' id='word_1_253' title='bbox 446 3383 544 3450; x_wconf 77' lang='lat' dir='ltr'>Cuius</span> <span class='ocrx_word' id='word_1_254' title='bbox 564 3387 609 3450; x_wconf 87' lang='lat' dir='ltr'>rei</span> <span class='ocrx_word' id='word_1_255' title='bbox 629 3409 695 3450; x_wconf 91' lang='lat' dir='ltr'>non</span> <span class='ocrx_word' id='word_1_256' title='bbox 709 3386 870 3451; x_wconf 81' lang='lat' dir='ltr'>inferioris</span> <span class='ocrx_word' id='word_1_257' title='bbox 890 3391 1016 3453; x_wconf 90' lang='lat' dir='ltr'>tantum</span> <span class='ocrx_word' id='word_1_258' title='bbox 1032 3389 1150 3453; x_wconf 89' lang='lat' dir='ltr'>aetatis</span> <span class='ocrx_word' id='word_1_259' title='bbox 1165 3388 1339 3472; x_wconf 84' lang='lat' dir='ltr'>exemplum</span> <span class='ocrx_word' id='word_1_260' title='bbox 1351 3383 1427 3448; x_wconf 75' lang='lat' dir='ltr'>huba</span> <span class='ocrx_word' id='word_1_261' title='bbox 1481 3479 1482 3482; x_wconf 7' lang='grc' dir='ltr'><strong>Ἴ</strong></span> 
     </span>
     <span class='ocr_line' id='line_1_30' title="bbox 318 3491 1207 3579; baseline 0.007 -25"><span class='ocrx_word' id='word_1_262' title='bbox 318 3491 351 3556; x_wconf 90' lang='lat' dir='ltr'>in</span> <span class='ocrx_word' id='word_1_263' title='bbox 374 3492 481 3575; x_wconf 90' lang='lat' dir='ltr'>lapide</span> <span class='ocrx_word' id='word_1_264' title='bbox 501 3492 666 3556; x_wconf 91' lang='lat' dir='ltr'>Venusino</span> <span class='ocrx_word' id='word_1_265' title='bbox 690 3493 715 3556; x_wconf 92' lang='lat' dir='ltr'>l.</span> <span class='ocrx_word' id='word_1_266' title='bbox 739 3493 775 3557; x_wconf 83' lang='lat' dir='ltr'>lt.</span> <span class='ocrx_word' id='word_1_267' title='bbox 800 3493 839 3559; x_wconf 92' lang='lat' dir='ltr'>N.</span> <span class='ocrx_word' id='word_1_268' title='bbox 865 3496 939 3579; x_wconf 79' lang='grc'>849,</span> <span class='ocrx_word' id='word_1_269' title='bbox 964 3496 1019 3579; x_wconf 93' lang='lat' dir='ltr'>qui</span> <span class='ocrx_word' id='word_1_270' title='bbox 1043 3498 1094 3559; x_wconf 89' lang='lat' dir='ltr'>est</span> <span class='ocrx_word' id='word_1_271' title='bbox 1116 3496 1207 3560; x_wconf 84' lang='lat' dir='ltr'>talis:</span> 
     </span>
    </p>
   </div>
   <div class='ocr_carea' id='block_1_4' title="bbox 668 3617 1107 3897">
    <p class='ocr_par' dir='ltr' id='par_1_4' title="bbox 668 3617 1107 3897">
     <span class='ocr_line' id='line_1_31' title="bbox 668 3617 1107 3685; baseline 0.007 -5"><span class='ocrx_word' id='word_1_272' title='bbox 668 3617 1107 3685; x_wconf 60' lang='lat' dir='ltr'>...orvs-Praei&lt;</span> 
     </span>
     <span class='ocr_line' id='line_1_32' title="bbox 806 3725 967 3791; baseline -0.006 0"><span class='ocrx_word' id='word_1_273' title='bbox 806 3725 967 3791; x_wconf 82' lang='lat' dir='ltr'>VERRIS</span> 
     </span>
     <span class='ocr_line' id='line_1_33' title="bbox 748 3831 1031 3897; baseline 0 -1"><span class='ocrx_word' id='word_1_274' title='bbox 748 3833 807 3896; x_wconf 83' lang='lat' dir='ltr'>EX</span> <span class='ocrx_word' id='word_1_275' title='bbox 828 3868 835 3882; x_wconf 93' lang='lat'><strong>·</strong></span> <span class='ocrx_word' id='word_1_276' title='bbox 855 3831 1031 3897; x_wconf 82' lang='lat' dir='ltr'>TESTAM</span> 
     </span>
    </p>
   </div>
   <div class='ocr_carea' id='block_1_5' title="bbox 317 3954 1422 4362">
    <p class='ocr_par' dir='ltr' id='par_1_5' title="bbox 317 3954 1422 4362">
     <span class='ocr_line' id='line_1_34' title="bbox 319 3954 1422 4042; baseline -0.005 -20"><span class='ocrx_word' id='word_1_277' title='bbox 319 3959 372 4022; x_wconf 79' lang='lat' dir='ltr'>sed</span> <span class='ocrx_word' id='word_1_278' title='bbox 398 3958 494 4040; x_wconf 74' lang='lat' dir='ltr'>longe</span> <span class='ocrx_word' id='word_1_279' title='bbox 519 3957 714 4020; x_wconf 85' lang='lat' dir='ltr'>luculentius</span> <span class='ocrx_word' id='word_1_280' title='bbox 739 3959 772 4021; x_wconf 91' lang='lat' dir='ltr'>in</span> <span class='ocrx_word' id='word_1_281' title='bbox 792 3955 918 4022; x_wconf 82' lang='lat' dir='ltr'>Corano</span> <span class='ocrx_word' id='word_1_282' title='bbox 943 3958 1049 4042; x_wconf 75' lang='lat' dir='ltr'>titulo,</span> <span class='ocrx_word' id='word_1_283' title='bbox 1073 3960 1202 4024; x_wconf 87' lang='lat' dir='ltr'>saeculo</span> <span class='ocrx_word' id='word_1_284' title='bbox 1218 3959 1281 4024; x_wconf 94' lang='lat' dir='ltr'>Vll</span> <span class='ocrx_word' id='word_1_285' title='bbox 1304 3954 1422 4034; x_wconf 71' lang='lat' dir='ltr'>inscript·</span> 
     </span>
     <span class='ocr_line' id='line_1_35' title="bbox 317 4063 1421 4150; baseline -0.003 -22"><span class='ocrx_word' id='word_1_286' title='bbox 317 4067 351 4128; x_wconf 91' lang='lat' dir='ltr'>in</span> <span class='ocrx_word' id='word_1_287' title='bbox 381 4065 457 4127; x_wconf 83' lang='lat' dir='ltr'>aede</span> <span class='ocrx_word' id='word_1_288' title='bbox 486 4063 630 4128; x_wconf 72' lang='lat' dir='ltr'>(laeteris</span> <span class='ocrx_word' id='word_1_289' title='bbox 660 4064 814 4147; x_wconf 83' lang='lat' dir='ltr'>Pollucis,</span> <span class='ocrx_word' id='word_1_290' title='bbox 852 4088 948 4148; x_wconf 90' lang='lat' dir='ltr'>quem</span> <span class='ocrx_word' id='word_1_291' title='bbox 981 4066 1134 4149; x_wconf 86' lang='lat' dir='ltr'>quoniam</span> <span class='ocrx_word' id='word_1_292' title='bbox 1167 4089 1280 4150; x_wconf 87' lang='lat' dir='ltr'>parum</span> <span class='ocrx_word' id='word_1_293' title='bbox 1310 4075 1421 4129; x_wconf 63' lang='lat' dir='ltr'>secuml</span> 
     </span>
     <span class='ocr_line' id='line_1_36' title="bbox 319 4163 1419 4253; baseline -0.005 -19"><span class='ocrx_word' id='word_1_294' title='bbox 319 4171 515 4235; x_wconf 87' lang='lat' dir='ltr'>Muratorius</span> <span class='ocrx_word' id='word_1_295' title='bbox 540 4194 569 4253; x_wconf 92' lang='lat' dir='ltr'>p.</span> <span class='ocrx_word' id='word_1_296' title='bbox 588 4171 681 4251; x_wconf 74' lang='grc'>1988,</span> <span class='ocrx_word' id='word_1_297' title='bbox 699 4170 718 4233; x_wconf 88' lang='grc'>3</span> <span class='ocrx_word' id='word_1_298' title='bbox 739 4171 1002 4253; x_wconf 83' lang='lat' dir='ltr'>repraesentavit,</span> <span class='ocrx_word' id='word_1_299' title='bbox 1027 4170 1069 4234; x_wconf 89' lang='lat' dir='ltr'>ad</span> <span class='ocrx_word' id='word_1_300' title='bbox 1092 4171 1188 4236; x_wconf 88' lang='lat' dir='ltr'>fidem</span> <span class='ocrx_word' id='word_1_301' title='bbox 1212 4171 1348 4237; x_wconf 84' lang='lat' dir='ltr'>veritatis</span> <span class='ocrx_word' id='word_1_302' title='bbox 1364 4163 1419 4230; x_wconf 81' lang='lat' dir='ltr'>inlu</span> 
     </span>
     <span class='ocr_line' id='line_1_37' title="bbox 318 4276 1165 4362; baseline 0.001 -22"><span class='ocrx_word' id='word_1_303' title='bbox 318 4277 503 4360; x_wconf 88' lang='lat' dir='ltr'>ponendum</span> <span class='ocrx_word' id='word_1_304' title='bbox 528 4277 676 4341; x_wconf 84' lang='lat' dir='ltr'>duximus</span> <span class='ocrx_word' id='word_1_305' title='bbox 700 4276 843 4342; x_wconf 89' lang='lat' dir='ltr'>Henrieo</span> <span class='ocrx_word' id='word_1_306' title='bbox 866 4277 1011 4342; x_wconf 88' lang='lat' dir='ltr'>Brunnio</span> <span class='ocrx_word' id='word_1_307' title='bbox 1035 4276 1165 4362; x_wconf 81' lang='lat' dir='ltr'>duce*):</span> 
     </span>
    </p>
   </div>
   <div class='ocr_carea' id='block_1_6' title="bbox 409 4461 1395 4540">
    <p class='ocr_par' dir='ltr' id='par_1_6' title="bbox 409 4461 1395 4540">
     <span class='ocr_line' id='line_1_38' title="bbox 409 4461 1395 4540; baseline -0.008 -16"><span class='ocrx_word' id='word_1_308' title='bbox 409 4469 433 4539; x_wconf 88' lang='lat'>*)</span> <span class='ocrx_word' id='word_1_309' title='bbox 453 4469 536 4539; x_wconf 85' lang='lat' dir='ltr'>[Vide</span> <span class='ocrx_word' id='word_1_310' title='bbox 555 4487 629 4524; x_wconf 91' lang='lat' dir='ltr'>nuno</span> <span class='ocrx_word' id='word_1_311' title='bbox 649 4471 678 4526; x_wconf 86' lang='lat' dir='ltr'>C.</span> <span class='ocrx_word' id='word_1_312' title='bbox 699 4471 719 4526; x_wconf 91' lang='lat' dir='ltr'>I.</span> <span class='ocrx_word' id='word_1_313' title='bbox 740 4472 768 4526; x_wconf 91' lang='lat' dir='ltr'>L.</span> <span class='ocrx_word' id='word_1_314' title='bbox 791 4473 802 4526; x_wconf 92' lang='grc' dir='ltr'>Ι</span> <span class='ocrx_word' id='word_1_315' title='bbox 822 4477 944 4540; x_wconf 77' lang='lat' dir='ltr'>n.11503</span> <span class='ocrx_word' id='word_1_316' title='bbox 966 4472 995 4528; x_wconf 91' lang='lat' dir='ltr'>P.</span> <span class='ocrx_word' id='word_1_317' title='bbox 1015 4472 1046 4527; x_wconf 80' lang='lat' dir='ltr'>L.</span> <span class='ocrx_word' id='word_1_318' title='bbox 1066 4471 1102 4526; x_wconf 81' lang='lat' dir='ltr'>M.</span> <span class='ocrx_word' id='word_1_319' title='bbox 1123 4471 1153 4526; x_wconf 84' lang='lat' dir='ltr'>E.</span> <span class='ocrx_word' id='word_1_320' title='bbox 1173 4472 1231 4527; x_wconf 84' lang='lat' dir='ltr'>tab.</span> <span class='ocrx_word' id='word_1_321' title='bbox 1246 4466 1349 4526; x_wconf 79' lang='lat' dir='ltr'>LXVIII</span> <span class='ocrx_word' id='word_1_322' title='bbox 1361 4461 1395 4530; x_wconf 73' lang='lat' dir='ltr'>l]</span> 
     </span>
    </p>
   </div>
   <div class='ocr_carea' id='block_1_7' title="bbox 0 0 1511 5122">
    <p class='ocr_par' dir='ltr' id='par_1_7' title="bbox 0 0 1511 5122">
     <span class='ocr_line' id='line_1_39' title="bbox 0 0 1511 5122; baseline 0 0"><span class='ocrx_word' id='word_1_323' title='bbox 0 0 1511 5122; x_wconf 95' lang='lat' dir='ltr'> </span> 
     </span>
    </p>
   </div>
  </div>
 </body>
</html>
