3108 5142
343 375 387 439 42
613 395 713 442 nnors
738 395 888 442 nrnrnnn
913 396 996 443 rnns
1022 396 1226 445 svrnnsrns

344 536 427 620 eipei
452 541 550 620 curet,
573 538 643 602 nise
663 542 668 617 Ι
688 538 741 624 iei,
764 562 844 623 quos
863 539 947 603 inter
966 538 997 602 id
1017 540 1169 605 iudicium
1193 541 1363 625 accipietur
1378 541 1457 606 leisne

344 643 591 728 contestabitur,
612 648 616 724 Ι
636 644 695 708 ieis
723 646 910 710 nominibus
943 646 1079 726 fuerint,
1112 670 1192 732 quae
1225 650 1259 713 in
1287 671 1459 733 earumque

254 771 264 790 r
343 750 483 816 formula
509 773 606 834 supra
635 754 751 836 scripta
775 757 832 838 est,
853 752 857 836 Ι
879 758 912 818 et
934 754 1015 818 nisei
1040 755 1085 819 sei
1110 753 1254 820 Mutinae
1278 779 1316 822 ee
1338 779 1383 821 res
1403 777 1459 840 age·
1473 777 1494 821 so

342 863 403 922 tur.
454 858 546 923 neiue
581 859 652 942 quis
682 861 887 944 magistratus
919 883 1016 944 prone
1048 865 1249 947 magistratu,
1270 863 1274 948 Ι
1294 864 1382 927 neine
1405 863 1460 945 quis

341 988 400 1048 pro
432 987 494 1048 quo
524 965 659 1049 imperio
695 968 898 1049 potestateue
933 967 1007 1049 erit,
1043 967 1248 1050 intercedito,
1280 969 1378 1032 neiue
1402 967 1461 1051 quid
1537 983 1538 986 ’

342 1072 428 1136 aliud
452 1072 551 1136 facito
576 1094 637 1158 quo
662 1072 767 1136 minus
792 1072 828 1138 de
851 1095 889 1137 ea
912 1095 943 1140 re
966 1073 1012 1139 ita
1035 1075 1186 1142 iudicium
1211 1076 1304 1140 detur
1325 1080 1330 1156 Ι

890 1251 940 1318 II.

342 1378 571 1463 iudicetnrque.
592 1378 596 1462 Ι
984 1443 985 1446 ,
1485 1458 1487 1462 .

234 1485 309 1549 XXI
343 1486 373 1549 A
398 1508 619 1572 quoquomqrre
646 1487 783 1570 pecunie
810 1491 897 1551 certa
920 1487 1055 1570 eredita,
1083 1488 1213 1571 signata
1235 1489 1342 1553 forme
1364 1487 1464 1572 pobb'ro

339 1595 463 1676 poprtei
484 1594 644 1677 Romarrei,
666 1594 701 1657 in
720 1616 830 1658 eorum
849 1616 912 1678 quo
933 1595 1044 1676 oppido
1064 1596 1233 1677 mrmr'eipio
1252 1597 1374 1660 colonio
1395 1615 1465 1678 prro
1498 1605 1501 1614 '

337 1703 456 1782 sectura
475 1703 480 1784 Ι
500 1702 566 1767 foro
594 1704 662 1767 ur'eo
696 1702 896 1766 conciliabulo
925 1701 1107 1786 castellone,
1138 1725 1219 1787 quae
1248 1708 1325 1767 sunt
1352 1705 1467 1766 eruntne

340 1809 373 1873 in
399 1809 505 1874 Gallia
532 1809 724 1892 eiselpeina,
752 1810 893 1891 petetur,
922 1830 1003 1892 quae
1031 1830 1083 1872 res
1107 1830 1171 1873 non
1193 1807 1197 1894 Ι
1217 1809 1322 1892 pluris
1347 1808 1398 1874 HS
1419 1793 1466 1874 bt

313 1916 415 1998 ierit,
439 1917 485 1981 sei
510 1917 537 1980 is
562 1938 633 1979 eam
656 1915 824 1999 pecuniam
848 1915 881 1978 in
906 1917 975 1980 iure
999 1916 1084 1999 apud
1104 1940 1190 2000 eom,
1219 1917 1292 2000 quei
1316 1917 1382 1982 ibei
1404 1915 1468 1980 irrrei

340 2023 487 2088 deieundo
509 2025 654 2108 praeerit,
683 2024 712 2086 ei
735 2023 808 2107 quei
829 2021 834 2105 Ι
854 2044 925 2086 eern
949 2028 1052 2107 petet,
1080 2028 1136 2088 aut
1164 2024 1193 2089 ei
1217 2025 1332 2108 quoius
1356 2023 1492 2089 nominet

341 2131 382 2195 ab
416 2153 454 2195 eo
486 2136 629 2214 petetur,
667 2131 742 2195 dore
772 2135 909 2212 oportere
940 2130 1097 2195 debereue
1129 2153 1163 2194 se
1200 2132 1369 2196 confessus
1389 2127 1393 2216 Ι
1412 2130 1470 2210 erit,

339 2260 443 2322 neque
479 2237 510 2302 id
544 2239 628 2322 quod
662 2237 827 2324 confessps
856 2238 917 2301 erit
949 2238 1056 2302 solnet
1079 2239 1200 2302 satisne
1228 2239 1340 2321 saciet,
1368 2242 1421 2302 aut
1443 2257 1469 2300 se

339 2346 513 2428 sponsione
533 2350 538 2426 Ι
558 2344 739 2429 iudicioque
763 2346 869 2426 uteipe
894 2345 1058 2428 oportebit
1080 2367 1146 2410 non
1166 2346 1325 2428 defendet,
1351 2346 1432 2409 seiue
1448 2343 1469 2405 is

336 2451 401 2515 ibei
426 2452 461 2516 de
485 2473 523 2516 ea
546 2473 577 2515 re
599 2453 632 2516 in
656 2453 724 2515 iure
748 2474 813 2516 non
835 2450 838 2536 Ι
859 2451 1061 2534 responderit
1082 2473 1186 2535 neque
1211 2450 1247 2516 de
1270 2473 1309 2516 ee
1333 2475 1366 2517 re
1389 2472 1471 2535 spon·

336 2558 461 2622 sionem
484 2559 583 2622 faciet
605 2579 708 2643 neque
731 2558 849 2623 iudicio
873 2559 939 2623 utei
964 2559 1127 2642 oportebit
1147 2557 1151 2640 Ι
1173 2581 1205 2623 se
1230 2556 1396 2624 defendet:
1413 2563 1471 2621 tum

336 2664 374 2728 de
397 2687 449 2750 eo,
477 2689 497 2729 a
524 2688 587 2750 qno
617 2688 654 2729 ea
682 2666 819 2749 pecunia
848 2665 970 2750 peteite
993 2667 1067 2748 erit,
1091 2666 1192 2751 deque
1216 2687 1254 2731 eo
1278 2669 1357 2751 quoi
1381 2689 1469 2737 eam,

334 2773 503 2857 pecuniam
525 2774 614 2838 darei
637 2773 796 2856 oportebit,
820 2775 948 2855 siremps
970 2796 1021 2837 res
1045 2774 1096 2837 lex
1115 2773 1166 2837 ius
1185 2796 1365 2859 eeussaque
1384 2772 1470 2840 omri·
1486 2782 1507 2832 10

334 2881 389 2947 brrs
411 2884 552 2946 omniurn
582 2902 685 2945 rerum
708 2884 794 2963 esto,
822 2885 919 2963 atque
947 2881 1013 2944 utei
1044 2884 1128 2945 esset
1150 2902 1261 2944 essene
1281 2885 1286 2960 Ι
1307 2883 1472 2965 oporteret

334 2988 380 3053 sei
404 2989 445 3071 is,
473 2989 546 3074 quei
575 2989 623 3053 ita
646 2988 811 3052 confessus
840 2988 901 3050 erit
933 2992 989 3050 eut
1018 2988 1054 3050 de
1078 3008 1116 3051 ea
1133 2987 1167 3051 're
1189 3010 1254 3052 non
1278 2984 1473 3072 responderit

335 3099 392 3158 aut
419 3118 453 3159 se
475 3093 479 3180 Ι
500 3096 672 3178 sponsione
706 3094 886 3180 iudicioque
914 3095 979 3159 utei
1009 3096 1172 3178 oportebit
1199 3119 1265 3162 non
1294 3093 1474 3172 defenderit

335 3201 404 3264 eius
428 3201 584 3284 pecuniae
608 3201 659 3283 isi,
680 3199 684 3287 Ι
706 3203 778 3286 quei
802 3225 874 3266 eam
895 3225 952 3267 suo
972 3205 1101 3268 nomine
1121 3204 1252 3287 petierit
1271 3205 1391 3289 quoiue
1411 3223 1473 3265 een]

335 3307 422 3371 darei
453 3309 611 3389 oportebit,
644 3331 682 3371 ex
714 3310 859 3392 iudici-eis
893 3311 995 3374 dateis
1028 3309 1219 3396 iudifeareue
1247 3316 1335 3375 reete
1367 3307 1474 3375 iusseis

334 3415 403 3475 iure
430 3413 501 3497 lege
529 3415 700 3477 damnatus
730 3420 815 3478 esset
844 3416 974 3481 fuisset:
1049 3419 1353 3503 quoiquequomque
1373 3423 1378 3498 Ι
1399 3414 1476 3480 IIuir
1492 3423 1512 3471 15

332 3519 451 3583 IIIIuir
474 3520 693 3603 praefectione
716 3521 791 3603 ribei
814 3523 894 3586 iuret
917 3524 1063 3588 deiciendo
1086 3526 1229 3608 praeerit,
1251 3526 1385 3606 iseum,
1408 3519 1475 3606 quei

334 3626 380 3690 ita
408 3627 483 3710 quid
512 3627 677 3692 confessus
706 3629 767 3692 erit
788 3627 792 3714 Ι
812 3651 915 3713 neque
943 3630 974 3693 id
1004 3631 1109 3695 soluet
1132 3632 1253 3696 satisne
1276 3632 1385 3715 saciet,
1409 3651 1475 3710 enni

333 3735 406 3820 quei
431 3758 464 3798 se
489 3735 662 3818 sponsione
685 3736 844 3817 indicione
867 3737 976 3818 nteipe
997 3741 1001 3816 Ι
1023 3739 1186 3821 oportebit
1213 3760 1277 3803 non
1301 3735 1476 3802 defenderit

333 3843 445 3906 autin
470 3843 536 3906 iure
560 3865 625 3906 non
649 3842 851 3925 responderit
879 3867 980 3927 neque
1011 3846 1042 3909 id
1072 3846 1176 3909 solnet
1197 3851 1201 3924 Ι
1222 3847 1345 3910 satisne
1374 3844 1476 3922 faciet,

332 3953 439 4012 tentae
461 3951 616 4032 perreriae,
639 3955 762 4033 quanta
785 3974 823 4015 ee
846 3952 982 4033 pecunia
1005 3953 1066 4016 erit
1089 3953 1127 4017 de
1147 3958 1298 4037 quatum
1318 3953 1474 4016 intereos

333 4051 540 4138 ambigetur,
564 4056 638 4118 dum
664 4061 754 4120 teret
843 4040 918 4142 X-V,
952 4061 1018 4123 siro
1040 4059 1149 4124 froude
1172 4081 1230 4124 sera
1253 4060 1326 4124 duci
1351 4059 1474 4123 iubeto:

333 4162 467 4246 queique
492 4183 602 4225 eorum
626 4185 738 4247 quem,
767 4165 806 4228 ad
836 4188 929 4249 quern
951 4171 955 4242 Ι
977 4189 1014 4228 ee
1038 4189 1088 4230 res
1112 4168 1301 4250 pertinebit,
1325 4163 1476 4244 dnxserit,
1492 4171 1519 4215 ΙΙ

404 4413 437 4461 49
457 4412 522 4462 sont
595 4410 686 4464 tutei
705 4412 848 4481 oportebit
921 4419 952 4466 14
967 4414 1227 4483 quoiquequomque
1302 4419 1333 4466 15
1327 4411 1411 4502 —i—bei

335 4503 367 4552 16
387 4514 486 4552 eumue
505 4499 569 4568 quei
642 4499 800 4570 iudicioque
819 4503 876 4556 utei
896 4503 1036 4573 oportebit
1110 4510 1141 4557 19
1161 4507 1242 4559 tarot
1261 4505 1307 4559 HS
1326 4505 1374 4559 XV
