<?xml version="1.0" encoding="UTF-8"?>
<!DOCTYPE html PUBLIC "-//W3C//DTD XHTML 1.0 Transitional//EN"
    "http://www.w3.org/TR/xhtml1/DTD/xhtml1-transitional.dtd">
<html xmlns="http://www.w3.org/1999/xhtml" xml:lang="en" lang="en">
 <head>
  <title>
</title>
<meta http-equiv="Content-Type" content="text/html;charset=utf-8" />
  <meta name='ocr-system' content='tesseract 3.04.00' />
  <meta name='ocr-capabilities' content='ocr_page ocr_carea ocr_par ocr_line ocrx_word'/>
</head>
<body>
  <div class='ocr_page' id='page_1' title='image "./fridericiritsch03ritsgoog_0536.png"; bbox 0 0 2984 5122; ppageno 0'>
   <div class='ocr_carea' id='block_1_1' title="bbox 421 383 1156 450">
    <p class='ocr_par' dir='ltr' id='par_1_1' title="bbox 421 383 1156 450">
     <span class='ocr_line' id='line_1_1' title="bbox 421 383 1156 450; baseline -0.004 -1"><span class='ocrx_word' id='word_1_1' title='bbox 421 400 702 450; x_wconf 77' lang='lat' dir='ltr'>evernunnsrvn</span> <span class='ocrx_word' id='word_1_2' title='bbox 726 401 747 446; x_wconf 93' lang='lat'>1.</span> <span class='ocrx_word' id='word_1_3' title='bbox 1090 383 1156 446; x_wconf 89' lang='grc'>499</span> 
     </span>
    </p>
   </div>
   <div class='ocr_carea' id='block_1_2' title="bbox 28 539 1234 4464">
    <p class='ocr_par' dir='ltr' id='par_1_2' title="bbox 34 539 1157 1267">
     <span class='ocr_line' id='line_1_2' title="bbox 38 539 1157 628; baseline -0.003 -21"><span class='ocrx_word' id='word_1_4' title='bbox 38 543 150 608; x_wconf 85' lang='lat' dir='ltr'>suadere</span> <span class='ocrx_word' id='word_1_5' title='bbox 163 543 281 610; x_wconf 82' lang='lat' dir='ltr'>volenti</span> <span class='ocrx_word' id='word_1_6' title='bbox 296 544 364 608; x_wconf 79' lang='lat' dir='ltr'>sius</span> <span class='ocrx_word' id='word_1_7' title='bbox 378 543 481 609; x_wconf 83' lang='lat' dir='ltr'>invito</span> <span class='ocrx_word' id='word_1_8' title='bbox 492 548 682 628; x_wconf 85' lang='lat' dir='ltr'>extorquere</span> <span class='ocrx_word' id='word_1_9' title='bbox 696 541 848 626; x_wconf 89' lang='lat' dir='ltr'>potuerit.</span> <span class='ocrx_word' id='word_1_10' title='bbox 867 539 990 606; x_wconf 87' lang='lat' dir='ltr'>Verum</span> <span class='ocrx_word' id='word_1_11' title='bbox 1005 539 1090 606; x_wconf 90' lang='lat' dir='ltr'>aliud</span> <span class='ocrx_word' id='word_1_12' title='bbox 1107 544 1157 605; x_wconf 87' lang='lat' dir='ltr'>est</span> 
     </span>
     <span class='ocr_line' id='line_1_3' title="bbox 37 647 1156 736; baseline 0 -24"><span class='ocrx_word' id='word_1_13' title='bbox 37 649 113 733; x_wconf 89' lang='lat' dir='ltr'>quod,</span> <span class='ocrx_word' id='word_1_14' title='bbox 127 655 161 716; x_wconf 87' lang='lat' dir='ltr'>ut</span> <span class='ocrx_word' id='word_1_15' title='bbox 170 649 378 715; x_wconf 77' lang='lat' dir='ltr'>Plutarchum</span> <span class='ocrx_word' id='word_1_16' title='bbox 392 651 502 735; x_wconf 89' lang='lat' dir='ltr'>potius</span> <span class='ocrx_word' id='word_1_17' title='bbox 518 671 699 736; x_wconf 90' lang='lat' dir='ltr'>sequamur,</span> <span class='ocrx_word' id='word_1_18' title='bbox 718 648 867 713; x_wconf 87' lang='lat' dir='ltr'>suadeat:</span> <span class='ocrx_word' id='word_1_19' title='bbox 891 647 1012 712; x_wconf 82' lang='lat' dir='ltr'><strong>Fabius</strong></span> <span class='ocrx_word' id='word_1_20' title='bbox 1027 649 1113 712; x_wconf 88' lang='lat' dir='ltr'>enim</span> <span class='ocrx_word' id='word_1_21' title='bbox 1128 647 1156 712; x_wconf 89' lang='lat' dir='ltr'>si</span> 
     </span>
     <span class='ocr_line' id='line_1_4' title="bbox 36 753 1156 839; baseline 0.003 -22"><span class='ocrx_word' id='word_1_22' title='bbox 36 775 119 836; x_wconf 79' lang='lat' dir='ltr'>parvo</span> <span class='ocrx_word' id='word_1_23' title='bbox 132 757 285 839; x_wconf 88' lang='lat' dir='ltr'>temporis</span> <span class='ocrx_word' id='word_1_24' title='bbox 298 757 472 823; x_wconf 86' lang='lat' dir='ltr'>intervallo</span> <span class='ocrx_word' id='word_1_25' title='bbox 491 757 661 824; x_wconf 86' lang='lat' dir='ltr'>interiecto</span> <span class='ocrx_word' id='word_1_26' title='bbox 676 755 872 838; x_wconf 77' lang='lat' dir='ltr'><strong>abdicasset,</strong></span> <span class='ocrx_word' id='word_1_27' title='bbox 895 753 1037 819; x_wconf 88' lang='lat' dir='ltr'>eiusdem</span> <span class='ocrx_word' id='word_1_28' title='bbox 1057 755 1156 820; x_wconf 85' lang='lat' dir='ltr'>dicta·</span> 
     </span>
     <span class='ocr_line' id='line_1_5' title="bbox 35 861 1156 930; baseline 0.001 -7"><span class='ocrx_word' id='word_1_29' title='bbox 35 865 124 924; x_wconf 79' lang='lat' dir='ltr'>turam</span> <span class='ocrx_word' id='word_1_30' title='bbox 140 861 274 927; x_wconf 89' lang='lat' dir='ltr'>alteram</span> <span class='ocrx_word' id='word_1_31' title='bbox 293 863 406 930; x_wconf 81' lang='lat' dir='ltr'>Livius</span> <span class='ocrx_word' id='word_1_32' title='bbox 429 865 482 930; x_wconf 85' lang='lat' dir='ltr'>vix</span> <span class='ocrx_word' id='word_1_33' title='bbox 505 865 633 930; x_wconf 81' lang='lat' dir='ltr'>videtur</span> <span class='ocrx_word' id='word_1_34' title='bbox 656 864 704 929; x_wconf 90' lang='lat' dir='ltr'>ita</span> <span class='ocrx_word' id='word_1_35' title='bbox 727 865 1036 928; x_wconf 76' lang='lat' dir='ltr'><strong>commemoraturus</strong></span> <span class='ocrx_word' id='word_1_36' title='bbox 1054 861 1156 926; x_wconf 84' lang='lat' dir='ltr'>fuisse</span> 
     </span>
     <span class='ocr_line' id='line_1_6' title="bbox 35 965 1156 1056; baseline 0.003 -27"><span class='ocrx_word' id='word_1_37' title='bbox 35 965 98 1049; x_wconf 89' lang='lat' dir='ltr'>quin</span> <span class='ocrx_word' id='word_1_38' title='bbox 120 967 184 1032; x_wconf 87' lang='lat' dir='ltr'>eius</span> <span class='ocrx_word' id='word_1_39' title='bbox 206 971 254 1036; x_wconf 89' lang='lat' dir='ltr'>rei</span> <span class='ocrx_word' id='word_1_40' title='bbox 272 972 420 1056; x_wconf 81' lang='lat' dir='ltr'>quamvis</span> <span class='ocrx_word' id='word_1_41' title='bbox 438 972 571 1038; x_wconf 83' lang='lat' dir='ltr'>brevem</span> <span class='ocrx_word' id='word_1_42' title='bbox 590 971 788 1036; x_wconf 87' lang='lat' dir='ltr'>mentionem</span> <span class='ocrx_word' id='word_1_43' title='bbox 806 967 935 1032; x_wconf 86' lang='lat' dir='ltr'>faceret.</span> <span class='ocrx_word' id='word_1_44' title='bbox 965 969 995 1034; x_wconf 83' lang='lat' dir='ltr'>A</span> <span class='ocrx_word' id='word_1_45' title='bbox 1013 967 1156 1033; x_wconf 89' lang='lat' dir='ltr'>Minucio</span> 
     </span>
     <span class='ocr_line' id='line_1_7' title="bbox 34 1074 1156 1160; baseline 0.003 -25"><span class='ocrx_word' id='word_1_46' title='bbox 34 1077 124 1138; x_wconf 84' lang='lat' dir='ltr'>autem</span> <span class='ocrx_word' id='word_1_47' title='bbox 141 1078 176 1140; x_wconf 90' lang='lat' dir='ltr'>ut</span> <span class='ocrx_word' id='word_1_48' title='bbox 193 1099 250 1142; x_wconf 88' lang='lat' dir='ltr'>ara</span> <span class='ocrx_word' id='word_1_49' title='bbox 263 1076 396 1143; x_wconf 81' lang='lat' dir='ltr'>Herculi</span> <span class='ocrx_word' id='word_1_50' title='bbox 415 1081 594 1160; x_wconf 79' lang='lat' dir='ltr'>reveratur,</span> <span class='ocrx_word' id='word_1_51' title='bbox 616 1076 713 1142; x_wconf 86' lang='lat' dir='ltr'>facile</span> <span class='ocrx_word' id='word_1_52' title='bbox 733 1074 936 1160; x_wconf 80' lang='lat' dir='ltr'>intellegitur</span> <span class='ocrx_word' id='word_1_53' title='bbox 958 1074 1009 1140; x_wconf 84' lang='lat' dir='ltr'>val</span> <span class='ocrx_word' id='word_1_54' title='bbox 1032 1075 1156 1159; x_wconf 88' lang='lat' dir='ltr'>pancis-</span> 
     </span>
     <span class='ocr_line' id='line_1_8' title="bbox 34 1179 881 1267; baseline 0.008 -26"><span class='ocrx_word' id='word_1_55' title='bbox 34 1179 166 1246; x_wconf 87' lang='lat' dir='ltr'>simorum</span> <span class='ocrx_word' id='word_1_56' title='bbox 189 1179 314 1249; x_wconf 88' lang='lat' dir='ltr'>dicrum</span> <span class='ocrx_word' id='word_1_57' title='bbox 337 1183 535 1250; x_wconf 77' lang='lat' dir='ltr'>dictaturam</span> <span class='ocrx_word' id='word_1_58' title='bbox 559 1184 704 1250; x_wconf 85' lang='lat' dir='ltr'>sufficere</span> <span class='ocrx_word' id='word_1_59' title='bbox 725 1183 881 1267; x_wconf 91' lang='lat' dir='ltr'>potuisse.</span> 
     </span>
    </p>

    <p class='ocr_par' dir='ltr' id='par_1_3' title="bbox 28 1285 1234 4464">
     <span class='ocr_line' id='line_1_9' title="bbox 106 1285 1156 1376; baseline 0.001 -24"><span class='ocrx_word' id='word_1_60' title='bbox 106 1285 253 1372; x_wconf 85' lang='lat' dir='ltr'>Sequitur</span> <span class='ocrx_word' id='word_1_61' title='bbox 275 1293 312 1356; x_wconf 92' lang='lat' dir='ltr'>ut</span> <span class='ocrx_word' id='word_1_62' title='bbox 334 1294 516 1376; x_wconf 71' lang='lat' dir='ltr'>quaeratur,</span> <span class='ocrx_word' id='word_1_63' title='bbox 540 1291 591 1357; x_wconf 85' lang='lat' dir='ltr'>cui</span> <span class='ocrx_word' id='word_1_64' title='bbox 615 1312 698 1357; x_wconf 91' lang='lat' dir='ltr'>anno</span> <span class='ocrx_word' id='word_1_65' title='bbox 718 1291 779 1355; x_wconf 88' lang='lat' dir='ltr'>hae</span> <span class='ocrx_word' id='word_1_66' title='bbox 799 1290 978 1356; x_wconf 81' lang='lat' dir='ltr'>dictaturae</span> <span class='ocrx_word' id='word_1_67' title='bbox 998 1311 1070 1354; x_wconf 90' lang='lat' dir='ltr'>oum</span> <span class='ocrx_word' id='word_1_68' title='bbox 1089 1310 1156 1354; x_wconf 90' lang='lat' dir='ltr'>ma·</span> 
     </span>
     <span class='ocr_line' id='line_1_10' title="bbox 33 1391 1155 1482; baseline 0.004 -26"><span class='ocrx_word' id='word_1_69' title='bbox 33 1391 154 1474; x_wconf 79' lang='lat' dir='ltr'>gistariis</span> <span class='ocrx_word' id='word_1_70' title='bbox 182 1397 327 1482; x_wconf 86' lang='lat' dir='ltr'>equitum</span> <span class='ocrx_word' id='word_1_71' title='bbox 355 1397 421 1462; x_wconf 91' lang='lat' dir='ltr'>suis</span> <span class='ocrx_word' id='word_1_72' title='bbox 449 1397 641 1463; x_wconf 88' lang='lat' dir='ltr'>tribuendae</span> <span class='ocrx_word' id='word_1_73' title='bbox 672 1397 745 1463; x_wconf 89' lang='lat' dir='ltr'>sint.</span> <span class='ocrx_word' id='word_1_74' title='bbox 790 1397 901 1462; x_wconf 82' lang='lat' dir='ltr'>Trium</span> <span class='ocrx_word' id='word_1_75' title='bbox 925 1401 1034 1462; x_wconf 85' lang='lat' dir='ltr'>autern</span> <span class='ocrx_word' id='word_1_76' title='bbox 1058 1417 1155 1460; x_wconf 90' lang='lat' dir='ltr'>anno·</span> 
     </span>
     <span class='ocr_line' id='line_1_11' title="bbox 31 1500 1155 1589; baseline 0.004 -27"><span class='ocrx_word' id='word_1_77' title='bbox 31 1519 89 1564; x_wconf 89' lang='lat' dir='ltr'>rum</span> <span class='ocrx_word' id='word_1_78' title='bbox 110 1502 180 1567; x_wconf 85' lang='lat'>533.</span> <span class='ocrx_word' id='word_1_79' title='bbox 203 1503 279 1569; x_wconf 82' lang='lat'><strong>534.</strong></span> <span class='ocrx_word' id='word_1_80' title='bbox 303 1503 378 1588; x_wconf 82' lang='lat'><strong><em>535,</em></strong></span> <span class='ocrx_word' id='word_1_81' title='bbox 401 1504 516 1589; x_wconf 89' lang='lat' dir='ltr'>utqui</span> <span class='ocrx_word' id='word_1_82' title='bbox 540 1505 630 1570; x_wconf 88' lang='lat' dir='ltr'>etin</span> <span class='ocrx_word' id='word_1_83' title='bbox 653 1502 815 1589; x_wconf 77' lang='lat' dir='ltr'>lapidibus</span> <span class='ocrx_word' id='word_1_84' title='bbox 839 1500 1035 1587; x_wconf 81' lang='lat' dir='ltr'>Capitolinis</span> <span class='ocrx_word' id='word_1_85' title='bbox 1058 1503 1155 1567; x_wconf 86' lang='lat' dir='ltr'>inter-</span> 
     </span>
     <span class='ocr_line' id='line_1_12' title="bbox 32 1606 1155 1696; baseline 0.005 -28"><span class='ocrx_word' id='word_1_86' title='bbox 32 1606 148 1673; x_wconf 86' lang='lat' dir='ltr'>ciderint</span> <span class='ocrx_word' id='word_1_87' title='bbox 165 1613 197 1674; x_wconf 86' lang='lat' dir='ltr'>et</span> <span class='ocrx_word' id='word_1_88' title='bbox 210 1609 304 1676; x_wconf 88' lang='lat' dir='ltr'>Livio</span> <span class='ocrx_word' id='word_1_89' title='bbox 323 1613 408 1676; x_wconf 86' lang='lat' dir='ltr'>teste</span> <span class='ocrx_word' id='word_1_90' title='bbox 426 1616 567 1695; x_wconf 80' lang='lat' dir='ltr'>careant,</span> <span class='ocrx_word' id='word_1_91' title='bbox 591 1611 742 1696; x_wconf 90' lang='lat' dir='ltr'>quoniam</span> <span class='ocrx_word' id='word_1_92' title='bbox 763 1611 854 1694; x_wconf 90' lang='lat' dir='ltr'>optio</span> <span class='ocrx_word' id='word_1_93' title='bbox 873 1608 948 1674; x_wconf 90' lang='lat' dir='ltr'>dala</span> <span class='ocrx_word' id='word_1_94' title='bbox 968 1612 1027 1692; x_wconf 86' lang='lat' dir='ltr'>est,</span> <span class='ocrx_word' id='word_1_95' title='bbox 1046 1609 1155 1674; x_wconf 87' lang='lat' dir='ltr'>viden·</span> 
     </span>
     <span class='ocr_line' id='line_1_13' title="bbox 31 1712 1155 1802; baseline 0.004 -28"><span class='ocrx_word' id='word_1_96' title='bbox 31 1712 92 1776; x_wconf 91' lang='lat' dir='ltr'>dum</span> <span class='ocrx_word' id='word_1_97' title='bbox 112 1714 149 1779; x_wconf 91' lang='lat' dir='ltr'>de</span> <span class='ocrx_word' id='word_1_98' title='bbox 170 1717 358 1784; x_wconf 88' lang='lat' dir='ltr'>consulibus</span> <span class='ocrx_word' id='word_1_99' title='bbox 382 1740 555 1802; x_wconf 88' lang='lat' dir='ltr'>equorum</span> <span class='ocrx_word' id='word_1_100' title='bbox 581 1718 729 1782; x_wconf 87' lang='lat' dir='ltr'>absentia</span> <span class='ocrx_word' id='word_1_101' title='bbox 752 1737 867 1782; x_wconf 88' lang='lat' dir='ltr'>caussa</span> <span class='ocrx_word' id='word_1_102' title='bbox 888 1715 1067 1799; x_wconf 88' lang='lat' dir='ltr'>probabilis</span> <span class='ocrx_word' id='word_1_103' title='bbox 1090 1737 1155 1780; x_wconf 90' lang='lat' dir='ltr'>cre·</span> 
     </span>
     <span class='ocr_line' id='line_1_14' title="bbox 31 1820 1157 1911; baseline 0.003 -28"><span class='ocrx_word' id='word_1_104' title='bbox 31 1820 91 1884; x_wconf 84' lang='lat' dir='ltr'>audi</span> <span class='ocrx_word' id='word_1_105' title='bbox 113 1821 280 1890; x_wconf 88' lang='lat' dir='ltr'>dictatoris</span> <span class='ocrx_word' id='word_1_106' title='bbox 307 1827 486 1911; x_wconf 87' lang='lat' dir='ltr'>repetatur.</span> <span class='ocrx_word' id='word_1_107' title='bbox 529 1825 576 1890; x_wconf 85' lang='lat' dir='ltr'>Et</span> <span class='ocrx_word' id='word_1_108' title='bbox 603 1824 641 1890; x_wconf 91' lang='lat' dir='ltr'>de</span> <span class='ocrx_word' id='word_1_109' title='bbox 665 1847 703 1889; x_wconf 87' lang='lat' dir='ltr'>co</span> <span class='ocrx_word' id='word_1_110' title='bbox 727 1823 854 1908; x_wconf 88' lang='lat' dir='ltr'>quidem</span> <span class='ocrx_word' id='word_1_111' title='bbox 879 1823 933 1906; x_wconf 90' lang='lat' dir='ltr'>qui</span> <span class='ocrx_word' id='word_1_112' title='bbox 958 1822 1082 1886; x_wconf 88' lang='lat' dir='ltr'>medius</span> <span class='ocrx_word' id='word_1_113' title='bbox 1106 1825 1157 1886; x_wconf 88' lang='lat' dir='ltr'>est</span> 
     </span>
     <span class='ocr_line' id='line_1_15' title="bbox 31 1929 1156 2017; baseline 0.002 -27"><span class='ocrx_word' id='word_1_114' title='bbox 31 1947 98 1991; x_wconf 87' lang='lat' dir='ltr'>anno</span> <span class='ocrx_word' id='word_1_115' title='bbox 121 1929 184 1994; x_wconf 84' lang='lat'>534</span> <span class='ocrx_word' id='word_1_116' title='bbox 205 1953 303 1997; x_wconf 88' lang='lat' dir='ltr'>nemo</span> <span class='ocrx_word' id='word_1_117' title='bbox 327 1937 457 2017; x_wconf 89' lang='lat' dir='ltr'>praeter</span> <span class='ocrx_word' id='word_1_118' title='bbox 483 1935 607 1998; x_wconf 85' lang='lat' dir='ltr'>ceteros</span> <span class='ocrx_word' id='word_1_119' title='bbox 631 1931 803 2016; x_wconf 86' lang='lat' dir='ltr'>cogitabit:</span> <span class='ocrx_word' id='word_1_120' title='bbox 831 1951 895 2014; x_wconf 89' lang='lat' dir='ltr'>quo</span> <span class='ocrx_word' id='word_1_121' title='bbox 917 1950 976 1996; x_wconf 87' lang='lat' dir='ltr'>nec</span> <span class='ocrx_word' id='word_1_122' title='bbox 1000 1929 1156 2013; x_wconf 83' lang='lat' dir='ltr'>magister</span> 
     </span>
     <span class='ocr_line' id='line_1_16' title="bbox 30 2033 1156 2120; baseline 0.006 -26"><span class='ocrx_word' id='word_1_123' title='bbox 30 2033 155 2116; x_wconf 85' lang='lat' dir='ltr'>equitum</span> <span class='ocrx_word' id='word_1_124' title='bbox 177 2040 229 2102; x_wconf 90' lang='lat' dir='ltr'>sat</span> <span class='ocrx_word' id='word_1_125' title='bbox 253 2037 421 2104; x_wconf 89' lang='lat' dir='ltr'>commode</span> <span class='ocrx_word' id='word_1_126' title='bbox 445 2038 592 2103; x_wconf 87' lang='lat' dir='ltr'>credetur</span> <span class='ocrx_word' id='word_1_127' title='bbox 615 2035 650 2104; x_wconf 84' lang='lat' dir='ltr'>O.</span> <span class='ocrx_word' id='word_1_128' title='bbox 663 2036 842 2104; x_wconf 81' lang='lat' dir='ltr'>Flaminius</span> <span class='ocrx_word' id='word_1_129' title='bbox 866 2035 979 2120; x_wconf 85' lang='lat' dir='ltr'>dictus,</span> <span class='ocrx_word' id='word_1_130' title='bbox 1003 2058 1098 2120; x_wconf 89' lang='lat' dir='ltr'>quem</span> <span class='ocrx_word' id='word_1_131' title='bbox 1117 2057 1156 2101; x_wconf 87' lang='lat' dir='ltr'>eo</span> 
     </span>
     <span class='ocr_line' id='line_1_17' title="bbox 29 2125 1234 2228; baseline 0.002 -24"><span class='ocrx_word' id='word_1_132' title='bbox 29 2137 86 2220; x_wconf 88' lang='lat' dir='ltr'>ipso</span> <span class='ocrx_word' id='word_1_133' title='bbox 116 2164 196 2210; x_wconf 86' lang='lat' dir='ltr'>anno</span> <span class='ocrx_word' id='word_1_134' title='bbox 230 2147 360 2210; x_wconf 89' lang='lat' dir='ltr'>constat</span> <span class='ocrx_word' id='word_1_135' title='bbox 390 2166 544 2210; x_wconf 88' lang='lat' dir='ltr'>censurae</span> <span class='ocrx_word' id='word_1_136' title='bbox 576 2165 708 2210; x_wconf 88' lang='lat' dir='ltr'>munere</span> <span class='ocrx_word' id='word_1_137' title='bbox 740 2165 812 2208; x_wconf 88' lang='lat' dir='ltr'>cum</span> <span class='ocrx_word' id='word_1_138' title='bbox 840 2141 875 2206; x_wconf 90' lang='lat' dir='ltr'>L.</span> <span class='ocrx_word' id='word_1_139' title='bbox 899 2143 1038 2209; x_wconf 82' lang='lat' dir='ltr'>Aemilio</span> <span class='ocrx_word' id='word_1_140' title='bbox 1066 2142 1155 2228; x_wconf 89' lang='lat' dir='ltr'>Papo</span> <span class='ocrx_word' id='word_1_141' title='bbox 1224 2125 1234 2152; x_wconf 69' lang='lat'>⁸</span> 
     </span>
     <span class='ocr_line' id='line_1_18' title="bbox 28 2243 1155 2336; baseline 0.004 -27"><span class='ocrx_word' id='word_1_142' title='bbox 28 2243 167 2333; x_wconf 86' lang='lat' dir='ltr'>functum,</span> <span class='ocrx_word' id='word_1_143' title='bbox 197 2272 260 2316; x_wconf 90' lang='lat' dir='ltr'>nec</span> <span class='ocrx_word' id='word_1_144' title='bbox 290 2252 415 2316; x_wconf 87' lang='lat' dir='ltr'>externi</span> <span class='ocrx_word' id='word_1_145' title='bbox 442 2251 520 2318; x_wconf 89' lang='lat' dir='ltr'>belli</span> <span class='ocrx_word' id='word_1_146' title='bbox 548 2251 707 2336; x_wconf 84' lang='lat' dir='ltr'>gravioris</span> <span class='ocrx_word' id='word_1_147' title='bbox 731 2249 907 2316; x_wconf 87' lang='lat' dir='ltr'>difficultas</span> <span class='ocrx_word' id='word_1_148' title='bbox 935 2249 1003 2314; x_wconf 91' lang='lat' dir='ltr'>ulla</span> <span class='ocrx_word' id='word_1_149' title='bbox 1032 2248 1155 2314; x_wconf 88' lang='lat' dir='ltr'>incidit</span> 
     </span>
     <span class='ocr_line' id='line_1_19' title="bbox 28 2349 1155 2444; baseline 0.005 -31"><span class='ocrx_word' id='word_1_150' title='bbox 28 2349 105 2417; x_wconf 90' lang='lat' dir='ltr'>Nihil</span> <span class='ocrx_word' id='word_1_151' title='bbox 126 2357 209 2422; x_wconf 89' lang='lat' dir='ltr'>enim</span> <span class='ocrx_word' id='word_1_152' title='bbox 233 2378 274 2422; x_wconf 82' lang='lat' dir='ltr'>ex</span> <span class='ocrx_word' id='word_1_153' title='bbox 296 2357 358 2424; x_wconf 87' lang='lat' dir='ltr'>boc</span> <span class='ocrx_word' id='word_1_154' title='bbox 381 2379 498 2444; x_wconf 83' lang='lat' dir='ltr'>genere</span> <span class='ocrx_word' id='word_1_155' title='bbox 523 2359 686 2444; x_wconf 91' lang='lat' dir='ltr'>proditum</span> <span class='ocrx_word' id='word_1_156' title='bbox 710 2360 760 2423; x_wconf 88' lang='lat' dir='ltr'>est</span> <span class='ocrx_word' id='word_1_157' title='bbox 782 2360 913 2442; x_wconf 85' lang='lat' dir='ltr'>praeter</span> <span class='ocrx_word' id='word_1_158' title='bbox 932 2357 979 2421; x_wconf 88' lang='lat' dir='ltr'>rei</span> <span class='ocrx_word' id='word_1_159' title='bbox 997 2355 1155 2422; x_wconf 83' lang='lat' dir='ltr'>tenuioris</span> 
     </span>
     <span class='ocr_line' id='line_1_20' title="bbox 29 2461 1155 2550; baseline 0.009 -30"><span class='ocrx_word' id='word_1_160' title='bbox 29 2461 138 2526; x_wconf 77' lang='lat' dir='ltr'>bucam</span> <span class='ocrx_word' id='word_1_161' title='bbox 164 2463 312 2530; x_wconf 85' lang='lat' dir='ltr'>Zonarae</span> <span class='ocrx_word' id='word_1_162' title='bbox 335 2463 431 2550; x_wconf 86' lang='lat' dir='ltr'>VIII,</span> <span class='ocrx_word' id='word_1_163' title='bbox 453 2465 498 2530; x_wconf 80' lang='lat'>20</span> <span class='ocrx_word' id='word_1_164' title='bbox 524 2489 555 2550; x_wconf 93' lang='lat' dir='ltr'>p.</span> <span class='ocrx_word' id='word_1_165' title='bbox 578 2465 642 2529; x_wconf 83' lang='grc'>174</span> <span class='ocrx_word' id='word_1_166' title='bbox 674 2462 759 2528; x_wconf 91' lang='lat' dir='ltr'>hanc</span> <span class='ocrx_word' id='word_1_167' title='bbox 787 2463 990 2528; x_wconf 89' lang='lat' dir='ltr'>memoriam:</span> <span class='ocrx_word' id='word_1_168' title='bbox 1023 2463 1155 2532; x_wconf 72' lang='lat' dir='ltr'>botrio(</span> 
     </span>
     <span class='ocr_line' id='line_1_21' title="bbox 29 2566 1156 2654; baseline 0.005 -26"><span class='ocrx_word' id='word_1_169' title='bbox 29 2566 262 2651; x_wconf 79' lang='lat' dir='ltr'>thberodpioc</span> <span class='ocrx_word' id='word_1_170' title='bbox 290 2571 341 2636; x_wconf 86' lang='grc' dir='ltr'>καὶ</span> <span class='ocrx_word' id='word_1_171' title='bbox 366 2571 456 2638; x_wconf 67' lang='grc' dir='ltr'>Γάιος</span> <span class='ocrx_word' id='word_1_172' title='bbox 480 2571 652 2638; x_wconf 76' lang='grc' dir='ltr'>Λουτάτιο(</span> <span class='ocrx_word' id='word_1_173' title='bbox 675 2571 776 2651; x_wconf 81' lang='grc' dir='ltr'>ἦλθον</span> <span class='ocrx_word' id='word_1_174' title='bbox 799 2572 889 2652; x_wconf 87' lang='grc' dir='ltr'>μέχρι</span> <span class='ocrx_word' id='word_1_175' title='bbox 912 2575 979 2635; x_wconf 81' lang='grc' dir='ltr'>τῶν</span> <span class='ocrx_word' id='word_1_176' title='bbox 997 2569 1156 2654; x_wconf 82' lang='grc' dir='ltr'>Ἄλπεων,</span> 
     </span>
     <span class='ocr_line' id='line_1_22' title="bbox 29 2668 1155 2762; baseline 0.004 -27"><span class='ocrx_word' id='word_1_177' title='bbox 29 2668 103 2738; x_wconf 76' lang='grc' dir='ltr'>ἄνευ</span> <span class='ocrx_word' id='word_1_178' title='bbox 124 2679 162 2742; x_wconf 82' lang='lat' dir='ltr'>bt</span> <span class='ocrx_word' id='word_1_179' title='bbox 186 2678 307 2758; x_wconf 66' lang='grc' dir='ltr'>μάχης</span> <span class='ocrx_word' id='word_1_180' title='bbox 335 2679 478 2745; x_wconf 78' lang='grc' dir='ltr'>πολλοῦ(</span> <span class='ocrx_word' id='word_1_181' title='bbox 501 2678 711 2762; x_wconf 76' lang='grc' dir='ltr'>ᾠκειώεαντο.</span> <span class='ocrx_word' id='word_1_182' title='bbox 735 2676 839 2741; x_wconf 89' lang='lat' dir='ltr'>Multo</span> <span class='ocrx_word' id='word_1_183' title='bbox 862 2676 1044 2761; x_wconf 82' lang='lat' dir='ltr'>graviorem</span> <span class='ocrx_word' id='word_1_184' title='bbox 1067 2697 1155 2742; x_wconf 88' lang='lat' dir='ltr'>caus·</span> 
     </span>
     <span class='ocr_line' id='line_1_23' title="bbox 29 2781 1155 2868; baseline 0.008 -30"><span class='ocrx_word' id='word_1_185' title='bbox 29 2797 84 2843; x_wconf 87' lang='lat' dir='ltr'>sam</span> <span class='ocrx_word' id='word_1_186' title='bbox 104 2781 219 2850; x_wconf 76' lang='lat' dir='ltr'>dixeris</span> <span class='ocrx_word' id='word_1_187' title='bbox 244 2783 279 2847; x_wconf 94' lang='lat' dir='ltr'>in</span> <span class='ocrx_word' id='word_1_188' title='bbox 297 2782 422 2868; x_wconf 89' lang='lat' dir='ltr'>Illyrici</span> <span class='ocrx_word' id='word_1_189' title='bbox 440 2783 518 2849; x_wconf 88' lang='lat' dir='ltr'>balli</span> <span class='ocrx_word' id='word_1_190' title='bbox 536 2783 632 2849; x_wconf 86' lang='lat' dir='ltr'>rebus</span> <span class='ocrx_word' id='word_1_191' title='bbox 653 2784 753 2868; x_wconf 80' lang='lat' dir='ltr'>gestis</span> <span class='ocrx_word' id='word_1_192' title='bbox 772 2784 938 2848; x_wconf 82' lang='lat' dir='ltr'>inventam</span> <span class='ocrx_word' id='word_1_193' title='bbox 957 2803 1042 2865; x_wconf 85' lang='lat' dir='ltr'>esse,</span> <span class='ocrx_word' id='word_1_194' title='bbox 1069 2781 1155 2866; x_wconf 89' lang='lat' dir='ltr'>quod</span> 
     </span>
     <span class='ocr_line' id='line_1_24' title="bbox 29 2887 1154 2968; baseline 0.006 -19"><span class='ocrx_word' id='word_1_195' title='bbox 29 2887 155 2962; x_wconf 81' lang='lat' dir='ltr'>proximo</span> <span class='ocrx_word' id='word_1_196' title='bbox 179 2911 264 2954; x_wconf 91' lang='lat' dir='ltr'>anno</span> <span class='ocrx_word' id='word_1_197' title='bbox 285 2889 352 2954; x_wconf 87' lang='grc'>535</span> <span class='ocrx_word' id='word_1_198' title='bbox 374 2890 556 2956; x_wconf 89' lang='lat' dir='ltr'>insecutum</span> <span class='ocrx_word' id='word_1_199' title='bbox 580 2897 644 2968; x_wconf 86' lang='lat' dir='ltr'>eet,</span> <span class='ocrx_word' id='word_1_200' title='bbox 667 2891 795 2956; x_wconf 88' lang='lat' dir='ltr'>finitum</span> <span class='ocrx_word' id='word_1_201' title='bbox 819 2894 928 2956; x_wconf 90' lang='lat' dir='ltr'>autem</span> <span class='ocrx_word' id='word_1_202' title='bbox 947 2889 1072 2954; x_wconf 84' lang='lat' dir='ltr'>devicto</span> <span class='ocrx_word' id='word_1_203' title='bbox 1092 2890 1154 2956; x_wconf 90' lang='lat' dir='ltr'>Ds-</span> 
     </span>
     <span class='ocr_line' id='line_1_25' title="bbox 30 2993 1156 3082; baseline 0.008 -29"><span class='ocrx_word' id='word_1_204' title='bbox 30 2993 126 3058; x_wconf 88' lang='lat' dir='ltr'>metrio</span> <span class='ocrx_word' id='word_1_205' title='bbox 147 2993 269 3060; x_wconf 90' lang='lat' dir='ltr'>Phario</span> <span class='ocrx_word' id='word_1_206' title='bbox 293 2994 543 3082; x_wconf 84' lang='lat' dir='ltr'>Illyriorumque</span> <span class='ocrx_word' id='word_1_207' title='bbox 566 3001 653 3062; x_wconf 82' lang='lat' dir='ltr'>terra</span> <span class='ocrx_word' id='word_1_208' title='bbox 676 2997 765 3062; x_wconf 90' lang='lat' dir='ltr'>omni</span> <span class='ocrx_word' id='word_1_209' title='bbox 787 2995 978 3081; x_wconf 75' lang='lat' dir='ltr'>perdomita,</span> <span class='ocrx_word' id='word_1_210' title='bbox 1024 2996 1076 3060; x_wconf 79' lang='lat' dir='ltr'>Ad</span> <span class='ocrx_word' id='word_1_211' title='bbox 1094 2995 1156 3062; x_wconf 90' lang='lat' dir='ltr'>hoc</span> 
     </span>
     <span class='ocr_line' id='line_1_26' title="bbox 29 3096 1155 3188; baseline 0.006 -26"><span class='ocrx_word' id='word_1_212' title='bbox 29 3096 99 3161; x_wconf 78' lang='lat' dir='ltr'>cuim</span> <span class='ocrx_word' id='word_1_213' title='bbox 124 3101 245 3168; x_wconf 87' lang='lat' dir='ltr'>bellum</span> <span class='ocrx_word' id='word_1_214' title='bbox 273 3103 449 3188; x_wconf 83' lang='lat' dir='ltr'>gerendum</span> <span class='ocrx_word' id='word_1_215' title='bbox 477 3103 540 3168; x_wconf 90' lang='lat' dir='ltr'>etsi</span> <span class='ocrx_word' id='word_1_216' title='bbox 562 3103 719 3187; x_wconf 90' lang='lat' dir='ltr'>Polybius</span> <span class='ocrx_word' id='word_1_217' title='bbox 747 3103 875 3188; x_wconf 88' lang='lat' dir='ltr'>quidem</span> <span class='ocrx_word' id='word_1_218' title='bbox 903 3125 1002 3168; x_wconf 89' lang='lat' dir='ltr'>unum</span> <span class='ocrx_word' id='word_1_219' title='bbox 1025 3123 1096 3168; x_wconf 88' lang='lat' dir='ltr'>esse</span> <span class='ocrx_word' id='word_1_220' title='bbox 1120 3103 1155 3169; x_wconf 88' lang='lat' dir='ltr'>L.</span> 
     </span>
     <span class='ocr_line' id='line_1_27' title="bbox 30 3199 1154 3294; baseline 0.011 -31"><span class='ocrx_word' id='word_1_221' title='bbox 30 3199 186 3273; x_wconf 74' lang='lat' dir='ltr'>Aemilium</span> <span class='ocrx_word' id='word_1_222' title='bbox 198 3207 351 3274; x_wconf 87' lang='lat' dir='ltr'>Paullum</span> <span class='ocrx_word' id='word_1_223' title='bbox 364 3209 470 3276; x_wconf 88' lang='lat' dir='ltr'>Roma</span> <span class='ocrx_word' id='word_1_224' title='bbox 492 3210 627 3275; x_wconf 90' lang='lat' dir='ltr'>missum</span> <span class='ocrx_word' id='word_1_225' title='bbox 652 3232 725 3275; x_wconf 83' lang='lat' dir='ltr'>cunr</span> <span class='ocrx_word' id='word_1_226' title='bbox 749 3210 891 3274; x_wconf 87' lang='lat' dir='ltr'>exercitu</span> <span class='ocrx_word' id='word_1_227' title='bbox 915 3209 1017 3274; x_wconf 86' lang='lat' dir='ltr'>tradit</span> <span class='ocrx_word' id='word_1_228' title='bbox 1039 3208 1154 3294; x_wconf 85' lang='lat'>111,16</span> 
     </span>
     <span class='ocr_line' id='line_1_28' title="bbox 30 3311 1154 3401; baseline 0.011 -29"><span class='ocrx_word' id='word_1_229' title='bbox 30 3311 206 3399; x_wconf 83' lang='lat' dir='ltr'>eundemque</span> <span class='ocrx_word' id='word_1_230' title='bbox 226 3315 383 3382; x_wconf 84' lang='lat' dir='ltr'>victorem</span> <span class='ocrx_word' id='word_1_231' title='bbox 402 3338 502 3382; x_wconf 90' lang='lat' dir='ltr'>unum</span> <span class='ocrx_word' id='word_1_232' title='bbox 520 3314 741 3400; x_wconf 86' lang='lat' dir='ltr'>triumphasse</span> <span class='ocrx_word' id='word_1_233' title='bbox 760 3337 828 3400; x_wconf 85' lang='lat' dir='ltr'>cap.</span> <span class='ocrx_word' id='word_1_234' title='bbox 845 3316 899 3380; x_wconf 86' lang='lat'>19:</span> <span class='ocrx_word' id='word_1_235' title='bbox 923 3338 1060 3401; x_wconf 90' lang='lat' dir='ltr'>quocum</span> <span class='ocrx_word' id='word_1_236' title='bbox 1080 3339 1154 3384; x_wconf 91' lang='lat' dir='ltr'>con·</span> 
     </span>
     <span class='ocr_line' id='line_1_29' title="bbox 30 3416 1153 3508; baseline 0.012 -32"><span class='ocrx_word' id='word_1_237' title='bbox 30 3416 102 3479; x_wconf 77' lang='lat' dir='ltr'>veuit</span> <span class='ocrx_word' id='word_1_238' title='bbox 124 3416 251 3486; x_wconf 91' lang='lat' dir='ltr'>Iustino</span> <span class='ocrx_word' id='word_1_239' title='bbox 279 3419 498 3486; x_wconf 81' lang='lat' dir='ltr'>‘Demetrium</span> <span class='ocrx_word' id='word_1_240' title='bbox 529 3442 641 3506; x_wconf 82' lang='lat' dir='ltr'>regem</span> <span class='ocrx_word' id='word_1_241' title='bbox 667 3420 851 3504; x_wconf 85' lang='lat' dir='ltr'>lllyriorum</span> <span class='ocrx_word' id='word_1_242' title='bbox 878 3444 982 3508; x_wconf 90' lang='lat' dir='ltr'>nuper</span> <span class='ocrx_word' id='word_1_243' title='bbox 1009 3447 1029 3488; x_wconf 90' lang='lat' dir='ltr'>a</span> <span class='ocrx_word' id='word_1_244' title='bbox 1050 3422 1153 3489; x_wconf 92' lang='lat' dir='ltr'>Paulo</span> 
     </span>
     <span class='ocr_line' id='line_1_30' title="bbox 29 3515 1152 3614; baseline 0.01 -31"><span class='ocrx_word' id='word_1_245' title='bbox 29 3515 156 3590; x_wconf 77' lang='lat' dir='ltr'>Romam</span> <span class='ocrx_word' id='word_1_246' title='bbox 178 3525 313 3592; x_wconf 84' lang='lat' dir='ltr'>victum&#39;</span> <span class='ocrx_word' id='word_1_247' title='bbox 337 3525 532 3594; x_wconf 84' lang='lat' dir='ltr'>memoranti</span> <span class='ocrx_word' id='word_1_248' title='bbox 555 3526 677 3610; x_wconf 85' lang='lat' dir='ltr'>XXIX,</span> <span class='ocrx_word' id='word_1_249' title='bbox 696 3529 731 3592; x_wconf 84' lang='lat'>2:</span> <span class='ocrx_word' id='word_1_250' title='bbox 763 3531 873 3592; x_wconf 85' lang='lat' dir='ltr'>tamen</span> <span class='ocrx_word' id='word_1_251' title='bbox 898 3529 1052 3614; x_wconf 82' lang='lat' dir='ltr'>conlegae</span> <span class='ocrx_word' id='word_1_252' title='bbox 1076 3551 1152 3613; x_wconf 92' lang='lat' dir='ltr'>quo·</span> 
     </span>
     <span class='ocr_line' id='line_1_31' title="bbox 30 3629 1153 3726; baseline 0.006 -35"><span class='ocrx_word' id='word_1_253' title='bbox 30 3645 78 3706; x_wconf 90' lang='lat' dir='ltr'>quc</span> <span class='ocrx_word' id='word_1_254' title='bbox 102 3629 141 3696; x_wconf 87' lang='lat' dir='ltr'>M.</span> <span class='ocrx_word' id='word_1_255' title='bbox 159 3631 245 3698; x_wconf 83' lang='lat' dir='ltr'>Livii</span> <span class='ocrx_word' id='word_1_256' title='bbox 275 3631 467 3726; x_wconf 83' lang='lat' dir='ltr'>Salinatoris</span> <span class='ocrx_word' id='word_1_257' title='bbox 498 3634 623 3719; x_wconf 89' lang='lat' dir='ltr'>aliquas</span> <span class='ocrx_word' id='word_1_258' title='bbox 651 3638 762 3719; x_wconf 89' lang='lat' dir='ltr'>partes</span> <span class='ocrx_word' id='word_1_259' title='bbox 788 3635 890 3700; x_wconf 84' lang='lat' dir='ltr'>fuisse</span> <span class='ocrx_word' id='word_1_260' title='bbox 918 3635 1076 3701; x_wconf 89' lang='lat' dir='ltr'>creditum</span> <span class='ocrx_word' id='word_1_261' title='bbox 1103 3639 1153 3699; x_wconf 87' lang='lat' dir='ltr'>est</span> 
     </span>
     <span class='ocr_line' id='line_1_32' title="bbox 30 3730 1226 3806; baseline 0.011 -14"><span class='ocrx_word' id='word_1_262' title='bbox 30 3730 96 3798; x_wconf 87' lang='lat' dir='ltr'>aliis.</span> <span class='ocrx_word' id='word_1_263' title='bbox 132 3737 216 3803; x_wconf 89' lang='lat' dir='ltr'>Nam</span> <span class='ocrx_word' id='word_1_264' title='bbox 244 3743 278 3804; x_wconf 88' lang='lat' dir='ltr'>et</span> <span class='ocrx_word' id='word_1_265' title='bbox 300 3737 444 3804; x_wconf 88' lang='lat' dir='ltr'>Zonaras</span> <span class='ocrx_word' id='word_1_266' title='bbox 469 3763 546 3804; x_wconf 90' lang='lat' dir='ltr'>sane</span> <span class='ocrx_word' id='word_1_267' title='bbox 570 3741 589 3804; x_wconf 95' lang='lat' dir='ltr'>l.</span> <span class='ocrx_word' id='word_1_268' title='bbox 609 3765 633 3805; x_wconf 90' lang='lat' dir='ltr'>s.</span> <span class='ocrx_word' id='word_1_269' title='bbox 654 3764 677 3806; x_wconf 90' lang='lat' dir='ltr'>s.</span> <span class='ocrx_word' id='word_1_270' title='bbox 707 3740 803 3806; x_wconf 90' lang='lat' dir='ltr'>ambo</span> <span class='ocrx_word' id='word_1_271' title='bbox 832 3739 979 3805; x_wconf 87' lang='lat' dir='ltr'>eonsules</span> <span class='ocrx_word' id='word_1_272' title='bbox 1005 3741 1150 3806; x_wconf 90' lang='lat' dir='ltr'>nomiua·</span> <span class='ocrx_word' id='word_1_273' title='bbox 1166 3757 1226 3797; x_wconf 81' lang='lat' dir='ltr'>vm</span> 
     </span>
     <span class='ocr_line' id='line_1_33' title="bbox 29 3837 1152 3932; baseline 0.009 -30"><span class='ocrx_word' id='word_1_274' title='bbox 29 3837 77 3902; x_wconf 83' lang='lat' dir='ltr'>lim</span> <span class='ocrx_word' id='word_1_275' title='bbox 94 3843 178 3928; x_wconf 84' lang='lat' dir='ltr'>dialt,</span> <span class='ocrx_word' id='word_1_276' title='bbox 200 3850 234 3910; x_wconf 88' lang='lat' dir='ltr'>ct</span> <span class='ocrx_word' id='word_1_277' title='bbox 253 3847 339 3912; x_wconf 88' lang='lat' dir='ltr'>ultra</span> <span class='ocrx_word' id='word_1_278' title='bbox 357 3867 547 3932; x_wconf 74' lang='lat' dir='ltr'>progressus</span> <span class='ocrx_word' id='word_1_279' title='bbox 567 3847 706 3932; x_wconf 89' lang='lat' dir='ltr'>scriptor</span> <span class='ocrx_word' id='word_1_280' title='bbox 723 3847 827 3912; x_wconf 86' lang='lat' dir='ltr'>libelli</span> <span class='ocrx_word' id='word_1_281' title='bbox 847 3847 886 3910; x_wconf 87' lang='lat' dir='ltr'>de</span> <span class='ocrx_word' id='word_1_282' title='bbox 904 3847 985 3912; x_wconf 83' lang='lat' dir='ltr'>viris</span> <span class='ocrx_word' id='word_1_283' title='bbox 1004 3847 1050 3912; x_wconf 91' lang='lat' dir='ltr'>ill.</span> <span class='ocrx_word' id='word_1_284' title='bbox 1069 3869 1094 3912; x_wconf 91' lang='lat' dir='ltr'>o.</span> <span class='ocrx_word' id='word_1_285' title='bbox 1109 3847 1152 3912; x_wconf 90' lang='grc'>50</span> 
     </span>
     <span class='ocr_line' id='line_1_34' title="bbox 30 3938 1151 4038; baseline 0.007 -28"><span class='ocrx_word' id='word_1_286' title='bbox 30 3938 148 4016; x_wconf 74' lang='lat' dir='ltr'>‘Livium</span> <span class='ocrx_word' id='word_1_287' title='bbox 164 3949 381 4018; x_wconf 86' lang='lat' dir='ltr'>Salinatorem</span> <span class='ocrx_word' id='word_1_288' title='bbox 403 3953 509 4037; x_wconf 93' lang='lat' dir='ltr'>primo</span> <span class='ocrx_word' id='word_1_289' title='bbox 529 3953 693 4018; x_wconf 88' lang='lat' dir='ltr'>consulem</span> <span class='ocrx_word' id='word_1_290' title='bbox 717 3955 756 4018; x_wconf 89' lang='lat' dir='ltr'>de</span> <span class='ocrx_word' id='word_1_291' title='bbox 774 3953 898 4036; x_wconf 87' lang='lat' dir='ltr'>Illyriis</span> <span class='ocrx_word' id='word_1_292' title='bbox 922 3952 1151 4038; x_wconf 88' lang='lat' dir='ltr'>triumphasse’</span> 
     </span>
     <span class='ocr_line' id='line_1_35' title="bbox 30 4051 1151 4144; baseline 0.01 -30"><span class='ocrx_word' id='word_1_293' title='bbox 30 4051 161 4121; x_wconf 80' lang='lat' dir='ltr'>testatur:</span> <span class='ocrx_word' id='word_1_294' title='bbox 193 4080 297 4143; x_wconf 90' lang='lat' dir='ltr'>equo</span> <span class='ocrx_word' id='word_1_295' title='bbox 320 4057 411 4124; x_wconf 85' lang='lat' dir='ltr'>fonte</span> <span class='ocrx_word' id='word_1_296' title='bbox 440 4060 510 4126; x_wconf 91' lang='lat' dir='ltr'>solo</span> <span class='ocrx_word' id='word_1_297' title='bbox 539 4059 656 4143; x_wconf 83' lang='lat' dir='ltr'>duplex</span> <span class='ocrx_word' id='word_1_298' title='bbox 686 4083 771 4126; x_wconf 91' lang='lat' dir='ltr'>nunc</span> <span class='ocrx_word' id='word_1_299' title='bbox 797 4059 982 4144; x_wconf 88' lang='lat' dir='ltr'>triumphus</span> <span class='ocrx_word' id='word_1_300' title='bbox 1006 4059 1090 4125; x_wconf 85' lang='lat' dir='ltr'>Livii</span> <span class='ocrx_word' id='word_1_301' title='bbox 1118 4061 1151 4126; x_wconf 90' lang='lat' dir='ltr'>iu</span> 
     </span>
     <span class='ocr_line' id='line_1_36' title="bbox 31 4151 1149 4251; baseline 0.007 -28"><span class='ocrx_word' id='word_1_302' title='bbox 31 4151 115 4224; x_wconf 77' lang='lat' dir='ltr'>fastos</span> <span class='ocrx_word' id='word_1_303' title='bbox 137 4163 276 4230; x_wconf 81' lang='lat' dir='ltr'>intravit</span> <span class='ocrx_word' id='word_1_304' title='bbox 314 4163 490 4250; x_wconf 87' lang='lat' dir='ltr'>Viderique</span> <span class='ocrx_word' id='word_1_305' title='bbox 513 4169 622 4250; x_wconf 88' lang='lat' dir='ltr'>potest</span> <span class='ocrx_word' id='word_1_306' title='bbox 644 4165 685 4229; x_wconf 89' lang='lat' dir='ltr'>ad</span> <span class='ocrx_word' id='word_1_307' title='bbox 704 4165 848 4251; x_wconf 90' lang='lat' dir='ltr'>aliquam</span> <span class='ocrx_word' id='word_1_308' title='bbox 867 4165 944 4229; x_wconf 87' lang='lat' dir='ltr'>belli</span> <span class='ocrx_word' id='word_1_309' title='bbox 964 4168 1149 4233; x_wconf 82' lang='lat' dir='ltr'>societatem</span> 
     </span>
     <span class='ocr_line' id='line_1_37' title="bbox 30 4257 1151 4357; baseline 0.006 -26"><span class='ocrx_word' id='word_1_310' title='bbox 30 4257 89 4340; x_wconf 73' lang='lat' dir='ltr'>ipsa</span> <span class='ocrx_word' id='word_1_311' title='bbox 117 4288 227 4334; x_wconf 85' lang='lat' dir='ltr'>caussa</span> <span class='ocrx_word' id='word_1_312' title='bbox 259 4272 402 4337; x_wconf 87' lang='lat' dir='ltr'>accusati</span> <span class='ocrx_word' id='word_1_313' title='bbox 429 4273 638 4357; x_wconf 88' lang='lat' dir='ltr'>damnatique</span> <span class='ocrx_word' id='word_1_314' title='bbox 667 4271 783 4357; x_wconf 90' lang='lat' dir='ltr'>populi</span> <span class='ocrx_word' id='word_1_315' title='bbox 810 4271 929 4337; x_wconf 91' lang='lat' dir='ltr'>iudicio</span> <span class='ocrx_word' id='word_1_316' title='bbox 958 4271 1151 4338; x_wconf 87' lang='lat' dir='ltr'>Salinatoris</span> 
     </span>
     <span class='ocr_line' id='line_1_38' title="bbox 31 4373 1151 4464; baseline 0 -18"><span class='ocrx_word' id='word_1_317' title='bbox 31 4373 168 4458; x_wconf 66' lang='lat' dir='ltr'>Spectata,</span> <span class='ocrx_word' id='word_1_318' title='bbox 194 4382 231 4442; x_wconf 90' lang='lat' dir='ltr'>ut</span> <span class='ocrx_word' id='word_1_319' title='bbox 259 4401 354 4462; x_wconf 87' lang='lat' dir='ltr'>quam</span> <span class='ocrx_word' id='word_1_320' title='bbox 378 4379 543 4464; x_wconf 80' lang='lat' dir='ltr'>‘praedam</span> <span class='ocrx_word' id='word_1_321' title='bbox 570 4402 637 4445; x_wconf 90' lang='lat' dir='ltr'>non</span> <span class='ocrx_word' id='word_1_322' title='bbox 665 4380 845 4464; x_wconf 88' lang='lat' dir='ltr'>aequaliter</span> <span class='ocrx_word' id='word_1_323' title='bbox 867 4379 1017 4444; x_wconf 81' lang='lat' dir='ltr'>divisisse</span> <span class='ocrx_word' id='word_1_324' title='bbox 1040 4380 1151 4446; x_wconf 91' lang='lat' dir='ltr'>militi-</span> 
     </span>
    </p>
   </div>
   <div class='ocr_carea' id='block_1_3' title="bbox 32 4468 1152 4644">
    <p class='ocr_par' dir='ltr' id='par_1_4' title="bbox 32 4468 1152 4644">
     <span class='ocr_line' id='line_1_39' title="bbox 32 4468 1152 4571; baseline 0.02 -41"><span class='ocrx_word' id='word_1_325' title='bbox 32 4468 90 4536; x_wconf 86' lang='lat' dir='ltr'>bus‘</span> <span class='ocrx_word' id='word_1_326' title='bbox 111 4485 238 4562; x_wconf 88' lang='lat' dir='ltr'>quartus</span> <span class='ocrx_word' id='word_1_327' title='bbox 261 4486 315 4568; x_wconf 91' lang='lat' dir='ltr'>qui</span> <span class='ocrx_word' id='word_1_328' title='bbox 329 4483 479 4550; x_wconf 81' lang='lat' dir='ltr'>Frontini</span> <span class='ocrx_word' id='word_1_329' title='bbox 502 4485 606 4551; x_wconf 87' lang='lat' dir='ltr'>fertur</span> <span class='ocrx_word' id='word_1_330' title='bbox 629 4485 712 4552; x_wconf 87' lang='lat' dir='ltr'>liber</span> <span class='ocrx_word' id='word_1_331' title='bbox 727 4483 1017 4571; x_wconf 85' lang='lat' dir='ltr'>Strategematicon</span> <span class='ocrx_word' id='word_1_332' title='bbox 1038 4509 1106 4570; x_wconf 88' lang='lat' dir='ltr'>cap.</span> <span class='ocrx_word' id='word_1_333' title='bbox 1124 4489 1152 4571; x_wconf 86' lang='lat'>1,</span> 
     </span>
     <span class='ocr_line' id='line_1_40' title="bbox 884 4591 939 4644; baseline 0.018 0"><span class='ocrx_word' id='word_1_334' title='bbox 884 4591 939 4644; x_wconf 76' lang='lat' dir='ltr'>aa·</span> 
     </span>
    </p>
   </div>
   <div class='ocr_carea' id='block_1_4' title="bbox 0 0 1496 5122">
    <p class='ocr_par' dir='ltr' id='par_1_5' title="bbox 0 0 1496 5122">
     <span class='ocr_line' id='line_1_41' title="bbox 0 0 1496 5122; baseline 0 1"><span class='ocrx_word' id='word_1_335' title='bbox 0 0 1496 5122; x_wconf 95' lang='lat' dir='ltr'> </span> 
     </span>
    </p>
   </div>
  </div>
 </body>
</html>
