<?xml version="1.0" encoding="UTF-8"?>
<!DOCTYPE html PUBLIC "-//W3C//DTD XHTML 1.0 Transitional//EN"
    "http://www.w3.org/TR/xhtml1/DTD/xhtml1-transitional.dtd">
<html xmlns="http://www.w3.org/1999/xhtml" xml:lang="en" lang="en">
 <head>
  <title>
</title>
<meta http-equiv="Content-Type" content="text/html;charset=utf-8" />
  <meta name='ocr-system' content='tesseract 3.04.00' />
  <meta name='ocr-capabilities' content='ocr_page ocr_carea ocr_par ocr_line ocrx_word'/>
</head>
<body>
  <div class='ocr_page' id='page_1' title='image "./fridericiritsch03ritsgoog_0598.png"; bbox 0 0 2972 5120; ppageno 0'>
   <div class='ocr_carea' id='block_1_1' title="bbox 406 375 1153 442">
    <p class='ocr_par' dir='ltr' id='par_1_1' title="bbox 406 375 1153 442">
     <span class='ocr_line' id='line_1_1' title="bbox 406 375 1153 442; baseline 0 0"><span class='ocrx_word' id='word_1_1' title='bbox 406 391 683 442; x_wconf 81' lang='lat' dir='ltr'>sverannaurvn</span> <span class='ocrx_word' id='word_1_2' title='bbox 707 394 737 440; x_wconf 93' lang='lat' dir='ltr'>v.</span> <span class='ocrx_word' id='word_1_3' title='bbox 1090 375 1153 442; x_wconf 78' lang='lat'>561</span> 
     </span>
    </p>
   </div>
   <div class='ocr_carea' id='block_1_2' title="bbox 23 535 1217 4241">
    <p class='ocr_par' dir='ltr' id='par_1_2' title="bbox 35 535 1156 728">
     <span class='ocr_line' id='line_1_2' title="bbox 36 535 1156 622; baseline 0.002 -22"><span class='ocrx_word' id='word_1_4' title='bbox 36 535 168 619; x_wconf 78' lang='lat' dir='ltr'>pependit</span> <span class='ocrx_word' id='word_1_5' title='bbox 190 559 206 601; x_wconf 92' lang='lat' dir='ltr'>e</span> <span class='ocrx_word' id='word_1_6' title='bbox 224 535 343 602; x_wconf 87' lang='lat' dir='ltr'>Millini</span> <span class='ocrx_word' id='word_1_7' title='bbox 367 537 515 622; x_wconf 90' lang='lat' dir='ltr'>exemplo</span> <span class='ocrx_word' id='word_1_8' title='bbox 534 559 564 622; x_wconf 89' lang='lat' dir='ltr'>p.</span> <span class='ocrx_word' id='word_1_9' title='bbox 579 537 643 602; x_wconf 75' lang='lat'>397</span> <span class='ocrx_word' id='word_1_10' title='bbox 663 538 786 622; x_wconf 90' lang='lat' dir='ltr'>posito,</span> <span class='ocrx_word' id='word_1_11' title='bbox 810 537 891 602; x_wconf 90' lang='lat' dir='ltr'>satis</span> <span class='ocrx_word' id='word_1_12' title='bbox 910 537 967 603; x_wconf 92' lang='lat' dir='ltr'>illo</span> <span class='ocrx_word' id='word_1_13' title='bbox 987 538 1156 602; x_wconf 89' lang='lat' dir='ltr'>emendato</span> 
     </span>
     <span class='ocr_line' id='line_1_3' title="bbox 35 643 681 728; baseline 0.006 -24"><span class='ocrx_word' id='word_1_14' title='bbox 35 643 86 707; x_wconf 89' lang='lat' dir='ltr'>nisi</span> <span class='ocrx_word' id='word_1_15' title='bbox 106 644 183 727; x_wconf 89' lang='lat' dir='ltr'>quod</span> <span class='ocrx_word' id='word_1_16' title='bbox 205 643 423 728; x_wconf 77' lang='lat' dir='ltr'>interpunctio</span> <span class='ocrx_word' id='word_1_17' title='bbox 449 645 555 715; x_wconf 83' lang='lat' dir='ltr'>omnis</span> <span class='ocrx_word' id='word_1_18' title='bbox 578 644 681 710; x_wconf 89' lang='lat' dir='ltr'>abest.</span> 
     </span>
    </p>

    <p class='ocr_par' dir='ltr' id='par_1_3' title="bbox 23 749 1212 3904">
     <span class='ocr_line' id='line_1_4' title="bbox 108 749 1156 838; baseline 0.001 -24"><span class='ocrx_word' id='word_1_19' title='bbox 108 749 142 814; x_wconf 91' lang='lat' dir='ltr'>ln</span> <span class='ocrx_word' id='word_1_20' title='bbox 163 749 222 815; x_wconf 90' lang='lat' dir='ltr'>hoc</span> <span class='ocrx_word' id='word_1_21' title='bbox 250 751 352 836; x_wconf 92' lang='lat' dir='ltr'>igitur</span> <span class='ocrx_word' id='word_1_22' title='bbox 378 750 476 816; x_wconf 90' lang='lat' dir='ltr'>titulo</span> <span class='ocrx_word' id='word_1_23' title='bbox 500 750 670 816; x_wconf 88' lang='lat' dir='ltr'>tractando</span> <span class='ocrx_word' id='word_1_24' title='bbox 700 751 785 836; x_wconf 91' lang='lat' dir='ltr'>quod</span> <span class='ocrx_word' id='word_1_25' title='bbox 813 774 945 836; x_wconf 87' lang='lat' dir='ltr'>prorsus</span> <span class='ocrx_word' id='word_1_26' title='bbox 972 753 1156 838; x_wconf 89' lang='lat' dir='ltr'>neglectum</span> 
     </span>
     <span class='ocr_line' id='line_1_5' title="bbox 34 855 1157 944; baseline 0.002 -24"><span class='ocrx_word' id='word_1_27' title='bbox 34 855 164 940; x_wconf 84' lang='lat' dir='ltr'>mirabar,</span> <span class='ocrx_word' id='word_1_28' title='bbox 184 858 246 921; x_wconf 91' lang='lat' dir='ltr'>hoo</span> <span class='ocrx_word' id='word_1_29' title='bbox 269 857 456 940; x_wconf 86' lang='lat' dir='ltr'>erat,.quod</span> <span class='ocrx_word' id='word_1_30' title='bbox 480 857 536 922; x_wconf 89' lang='lat' dir='ltr'>ille</span> <span class='ocrx_word' id='word_1_31' title='bbox 555 879 628 922; x_wconf 88' lang='lat' dir='ltr'>cum</span> <span class='ocrx_word' id='word_1_32' title='bbox 647 859 769 924; x_wconf 90' lang='lat' dir='ltr'>omisso</span> <span class='ocrx_word' id='word_1_33' title='bbox 788 858 947 924; x_wconf 90' lang='lat' dir='ltr'>Iuliorum</span> <span class='ocrx_word' id='word_1_34' title='bbox 966 861 1157 944; x_wconf 79' lang='lat' dir='ltr'>cognomine</span> 
     </span>
     <span class='ocr_line' id='line_1_6' title="bbox 33 962 1156 1050; baseline 0.003 -25"><span class='ocrx_word' id='word_1_35' title='bbox 33 968 90 1026; x_wconf 91' lang='lat' dir='ltr'>tum</span> <span class='ocrx_word' id='word_1_36' title='bbox 114 963 305 1049; x_wconf 76' lang='lat' dir='ltr'>diphthongi</span> <span class='ocrx_word' id='word_1_37' title='bbox 333 963 472 1030; x_wconf 82' lang='lat' dir='ltr'>IVLIEI</span> <span class='ocrx_word' id='word_1_38' title='bbox 500 971 533 1029; x_wconf 93' lang='lat' dir='ltr'>et</span> <span class='ocrx_word' id='word_1_39' title='bbox 560 962 685 1030; x_wconf 78' lang='lat' dir='ltr'>svnls</span> <span class='ocrx_word' id='word_1_40' title='bbox 715 965 849 1030; x_wconf 80' lang='lat' dir='ltr'>vocibus</span> <span class='ocrx_word' id='word_1_41' title='bbox 878 987 938 1030; x_wconf 88' lang='lat' dir='ltr'>usu</span> <span class='ocrx_word' id='word_1_42' title='bbox 966 964 1156 1050; x_wconf 88' lang='lat' dir='ltr'>posterioris</span> 
     </span>
     <span class='ocr_line' id='line_1_7' title="bbox 33 1069 1157 1158; baseline 0.003 -27"><span class='ocrx_word' id='word_1_43' title='bbox 33 1069 132 1133; x_wconf 87' lang='lat' dir='ltr'>aetatis</span> <span class='ocrx_word' id='word_1_44' title='bbox 162 1069 391 1154; x_wconf 73' lang='lat' dir='ltr'>cogitationem</span> <span class='ocrx_word' id='word_1_45' title='bbox 426 1092 556 1136; x_wconf 91' lang='lat' dir='ltr'>omnem</span> <span class='ocrx_word' id='word_1_46' title='bbox 589 1070 756 1137; x_wconf 81' lang='lat' dir='ltr'>excludere</span> <span class='ocrx_word' id='word_1_47' title='bbox 790 1076 886 1158; x_wconf 92' lang='lat' dir='ltr'>atque</span> <span class='ocrx_word' id='word_1_48' title='bbox 919 1071 999 1136; x_wconf 88' lang='lat' dir='ltr'>adeo</span> <span class='ocrx_word' id='word_1_49' title='bbox 1036 1071 1157 1135; x_wconf 80' lang='lat' dir='ltr'>liberae</span> 
     </span>
     <span class='ocr_line' id='line_1_8' title="bbox 32 1175 1157 1262; baseline 0.004 -25"><span class='ocrx_word' id='word_1_50' title='bbox 32 1175 181 1242; x_wconf 78' lang='lat' dir='ltr'>etiamtum</span> <span class='ocrx_word' id='word_1_51' title='bbox 200 1177 247 1242; x_wconf 90' lang='lat' dir='ltr'>rei</span> <span class='ocrx_word' id='word_1_52' title='bbox 261 1177 410 1260; x_wconf 87' lang='lat' dir='ltr'>publicae</span> <span class='ocrx_word' id='word_1_53' title='bbox 430 1181 578 1262; x_wconf 89' lang='lat' dir='ltr'>tempora</span> <span class='ocrx_word' id='word_1_54' title='bbox 596 1177 775 1244; x_wconf 82' lang='lat' dir='ltr'>certissime</span> <span class='ocrx_word' id='word_1_55' title='bbox 793 1178 970 1244; x_wconf 87' lang='lat' dir='ltr'>contestari</span> <span class='ocrx_word' id='word_1_56' title='bbox 989 1177 1157 1242; x_wconf 84' lang='lat' dir='ltr'>videretur.</span> 
     </span>
     <span class='ocr_line' id='line_1_9' title="bbox 33 1282 1157 1368; baseline 0.002 -23"><span class='ocrx_word' id='word_1_57' title='bbox 33 1283 123 1366; x_wconf 81' lang='lat' dir='ltr'>Atque</span> <span class='ocrx_word' id='word_1_58' title='bbox 136 1283 173 1346; x_wconf 91' lang='lat' dir='ltr'>de</span> <span class='ocrx_word' id='word_1_59' title='bbox 186 1282 233 1346; x_wconf 80' lang='lat' dir='ltr'>nl</span> <span class='ocrx_word' id='word_1_60' title='bbox 245 1283 406 1368; x_wconf 86' lang='lat' dir='ltr'>scriptura</span> <span class='ocrx_word' id='word_1_61' title='bbox 420 1283 529 1348; x_wconf 89' lang='lat' dir='ltr'>dedita</span> <span class='ocrx_word' id='word_1_62' title='bbox 541 1306 646 1368; x_wconf 88' lang='lat' dir='ltr'>nuper</span> <span class='ocrx_word' id='word_1_63' title='bbox 659 1305 759 1368; x_wconf 89' lang='lat' dir='ltr'>opera</span> <span class='ocrx_word' id='word_1_64' title='bbox 772 1285 805 1348; x_wconf 90' lang='lat' dir='ltr'>in</span> <span class='ocrx_word' id='word_1_65' title='bbox 820 1286 937 1350; x_wconf 91' lang='lat' dir='ltr'>horum</span> <span class='ocrx_word' id='word_1_66' title='bbox 948 1282 1157 1368; x_wconf 90' lang='lat' dir='ltr'>Supplemen-</span> 
     </span>
     <span class='ocr_line' id='line_1_10' title="bbox 32 1389 1156 1476; baseline 0.002 -24"><span class='ocrx_word' id='word_1_67' title='bbox 32 1393 122 1454; x_wconf 87' lang='lat' dir='ltr'>torum</span> <span class='ocrx_word' id='word_1_68' title='bbox 143 1389 299 1454; x_wconf 83' lang='lat' dir='ltr'>fasciculo</span> <span class='ocrx_word' id='word_1_69' title='bbox 322 1389 370 1454; x_wconf 92' lang='lat' dir='ltr'>IV</span> <span class='ocrx_word' id='word_1_70' title='bbox 390 1393 434 1475; x_wconf 89' lang='lat' dir='ltr'>[p.</span> <span class='ocrx_word' id='word_1_71' title='bbox 451 1391 517 1456; x_wconf 80' lang='lat'>542</span> <span class='ocrx_word' id='word_1_72' title='bbox 531 1393 613 1476; x_wconf 90' lang='lat' dir='ltr'>sqq.]</span> <span class='ocrx_word' id='word_1_73' title='bbox 640 1390 725 1456; x_wconf 90' lang='lat' dir='ltr'>hanc</span> <span class='ocrx_word' id='word_1_74' title='bbox 753 1392 858 1476; x_wconf 90' lang='lat' dir='ltr'>ipsam</span> <span class='ocrx_word' id='word_1_75' title='bbox 886 1392 1092 1476; x_wconf 90' lang='lat' dir='ltr'>potissimum</span> <span class='ocrx_word' id='word_1_76' title='bbox 1115 1392 1156 1455; x_wconf 96' lang='lat' dir='ltr'>ob</span> 
     </span>
     <span class='ocr_line' id='line_1_11' title="bbox 31 1495 1156 1581; baseline 0.004 -24"><span class='ocrx_word' id='word_1_77' title='bbox 31 1515 161 1560; x_wconf 90' lang='lat' dir='ltr'>caussam</span> <span class='ocrx_word' id='word_1_78' title='bbox 183 1496 342 1580; x_wconf 83' lang='lat' dir='ltr'>quaesivi,</span> <span class='ocrx_word' id='word_1_79' title='bbox 372 1501 409 1562; x_wconf 91' lang='lat' dir='ltr'>ut</span> <span class='ocrx_word' id='word_1_80' title='bbox 432 1495 507 1562; x_wconf 90' lang='lat' dir='ltr'>inde</span> <span class='ocrx_word' id='word_1_81' title='bbox 530 1498 720 1581; x_wconf 88' lang='lat' dir='ltr'>proficerem</span> <span class='ocrx_word' id='word_1_82' title='bbox 744 1499 784 1563; x_wconf 91' lang='lat' dir='ltr'>ad</span> <span class='ocrx_word' id='word_1_83' title='bbox 807 1499 937 1563; x_wconf 89' lang='lat' dir='ltr'>titulum</span> <span class='ocrx_word' id='word_1_84' title='bbox 963 1497 1156 1563; x_wconf 85' lang='lat' dir='ltr'>Glanensem</span> 
     </span>
     <span class='ocr_line' id='line_1_12' title="bbox 29 1602 1158 1688; baseline 0.004 -25"><span class='ocrx_word' id='word_1_85' title='bbox 29 1603 130 1666; x_wconf 88' lang='lat' dir='ltr'>rectius</span> <span class='ocrx_word' id='word_1_86' title='bbox 158 1602 383 1668; x_wconf 86' lang='lat' dir='ltr'>deliniendum.</span> <span class='ocrx_word' id='word_1_87' title='bbox 428 1603 492 1669; x_wconf 92' lang='lat' dir='ltr'>Vbi</span> <span class='ocrx_word' id='word_1_88' title='bbox 522 1604 549 1668; x_wconf 91' lang='lat' dir='ltr'>si</span> <span class='ocrx_word' id='word_1_89' title='bbox 577 1625 653 1668; x_wconf 82' lang='lat' dir='ltr'>vere</span> <span class='ocrx_word' id='word_1_90' title='bbox 676 1605 841 1688; x_wconf 79' lang='lat' dir='ltr'>disputari</span> <span class='ocrx_word' id='word_1_91' title='bbox 872 1605 905 1669; x_wconf 89' lang='lat' dir='ltr'>in</span> <span class='ocrx_word' id='word_1_92' title='bbox 929 1604 1046 1668; x_wconf 86' lang='lat' dir='ltr'>dativis</span> <span class='ocrx_word' id='word_1_93' title='bbox 1070 1603 1158 1668; x_wconf 88' lang='lat' dir='ltr'>abla-</span> 
     </span>
     <span class='ocr_line' id='line_1_13' title="bbox 28 1706 1157 1796; baseline 0.002 -26"><span class='ocrx_word' id='word_1_94' title='bbox 28 1707 150 1793; x_wconf 84' lang='lat' dir='ltr'>tivisqne</span> <span class='ocrx_word' id='word_1_95' title='bbox 177 1707 229 1796; x_wconf 88' lang='lat' dir='ltr'>(ut</span> <span class='ocrx_word' id='word_1_96' title='bbox 252 1707 390 1794; x_wconf 84' lang='lat' dir='ltr'>SVEIS)</span> <span class='ocrx_word' id='word_1_97' title='bbox 421 1709 661 1794; x_wconf 89' lang='lat' dir='ltr'>diphthongum</span> <span class='ocrx_word' id='word_1_98' title='bbox 688 1713 740 1776; x_wconf 83' lang='lat' dir='ltr'>vix</span> <span class='ocrx_word' id='word_1_99' title='bbox 769 1712 856 1775; x_wconf 91' lang='lat' dir='ltr'>ultra</span> <span class='ocrx_word' id='word_1_100' title='bbox 882 1709 1054 1794; x_wconf 91' lang='lat' dir='ltr'>imperinm</span> <span class='ocrx_word' id='word_1_101' title='bbox 1078 1706 1157 1773; x_wconf 83' lang='lat' dir='ltr'>an-</span> 
     </span>
     <span class='ocr_line' id='line_1_14' title="bbox 28 1813 1159 1913; baseline 0.004 -35"><span class='ocrx_word' id='word_1_102' title='bbox 28 1815 97 1878; x_wconf 85' lang='lat' dir='ltr'>saris</span> <span class='ocrx_word' id='word_1_103' title='bbox 117 1815 258 1913; x_wconf 81' lang='lat' dir='ltr'>Augusti</span> <span class='ocrx_word' id='word_1_104' title='bbox 283 1815 480 1900; x_wconf 87' lang='lat' dir='ltr'>perstitisse,</span> <span class='ocrx_word' id='word_1_105' title='bbox 507 1816 541 1880; x_wconf 90' lang='lat' dir='ltr'>in</span> <span class='ocrx_word' id='word_1_106' title='bbox 564 1817 774 1882; x_wconf 81' lang='lat' dir='ltr'>nominativis</span> <span class='ocrx_word' id='word_1_107' title='bbox 799 1813 965 1902; x_wconf 86' lang='lat' dir='ltr'>(IVLIEl)</span> <span class='ocrx_word' id='word_1_108' title='bbox 990 1815 1159 1901; x_wconf 91' lang='lat' dir='ltr'>aliquanto</span> 
     </span>
     <span class='ocr_line' id='line_1_15' title="bbox 28 1920 1159 2008; baseline 0.005 -26"><span class='ocrx_word' id='word_1_109' title='bbox 28 1920 110 1984; x_wconf 87' lang='lat' dir='ltr'>etiam</span> <span class='ocrx_word' id='word_1_110' title='bbox 133 1924 225 2006; x_wconf 90' lang='lat' dir='ltr'>prins</span> <span class='ocrx_word' id='word_1_111' title='bbox 250 1922 394 2007; x_wconf 85' lang='lat' dir='ltr'>desiisse,</span> <span class='ocrx_word' id='word_1_112' title='bbox 418 1943 618 2006; x_wconf 88' lang='lat' dir='ltr'>consequens</span> <span class='ocrx_word' id='word_1_113' title='bbox 642 1925 752 1988; x_wconf 87' lang='lat' dir='ltr'>estut</span> <span class='ocrx_word' id='word_1_114' title='bbox 776 1945 795 1986; x_wconf 89' lang='lat' dir='ltr'>a</span> <span class='ocrx_word' id='word_1_115' title='bbox 818 1944 894 1988; x_wconf 83' lang='lat' dir='ltr'>vero</span> <span class='ocrx_word' id='word_1_116' title='bbox 917 1922 1035 1987; x_wconf 91' lang='lat' dir='ltr'>mirum</span> <span class='ocrx_word' id='word_1_117' title='bbox 1060 1945 1159 2008; x_wconf 91' lang='lat' dir='ltr'>quan-</span> 
     </span>
     <span class='ocr_line' id='line_1_16' title="bbox 27 2025 1160 2114; baseline 0.005 -27"><span class='ocrx_word' id='word_1_118' title='bbox 27 2027 83 2090; x_wconf 89' lang='lat' dir='ltr'>tum</span> <span class='ocrx_word' id='word_1_119' title='bbox 100 2025 387 2114; x_wconf 83' lang='lat' dir='ltr'>Francogallornm</span> <span class='ocrx_word' id='word_1_120' title='bbox 411 2028 530 2094; x_wconf 88' lang='lat' dir='ltr'>iudicia</span> <span class='ocrx_word' id='word_1_121' title='bbox 554 2029 785 2094; x_wconf 86' lang='lat' dir='ltr'>aberraverint.</span> <span class='ocrx_word' id='word_1_122' title='bbox 817 2027 869 2094; x_wconf 82' lang='lat' dir='ltr'>Ita</span> <span class='ocrx_word' id='word_1_123' title='bbox 887 2029 989 2113; x_wconf 91' lang='lat' dir='ltr'>igitur</span> <span class='ocrx_word' id='word_1_124' title='bbox 1007 2029 1160 2094; x_wconf 88' lang='lat' dir='ltr'>sentienti</span> 
     </span>
     <span class='ocr_line' id='line_1_17' title="bbox 27 2130 1160 2220; baseline 0.007 -28"><span class='ocrx_word' id='word_1_125' title='bbox 27 2130 96 2197; x_wconf 92' lang='lat' dir='ltr'>nihil</span> <span class='ocrx_word' id='word_1_126' title='bbox 117 2134 304 2219; x_wconf 86' lang='lat' dir='ltr'>contingere</span> <span class='ocrx_word' id='word_1_127' title='bbox 329 2135 513 2220; x_wconf 80' lang='lat' dir='ltr'>exoptatius</span> <span class='ocrx_word' id='word_1_128' title='bbox 537 2135 644 2219; x_wconf 90' lang='lat' dir='ltr'>potnit</span> <span class='ocrx_word' id='word_1_129' title='bbox 662 2157 760 2220; x_wconf 92' lang='lat' dir='ltr'>quam</span> <span class='ocrx_word' id='word_1_130' title='bbox 780 2133 878 2219; x_wconf 89' lang='lat' dir='ltr'>quod,</span> <span class='ocrx_word' id='word_1_131' title='bbox 902 2138 1032 2219; x_wconf 90' lang='lat' dir='ltr'>praeter</span> <span class='ocrx_word' id='word_1_132' title='bbox 1048 2157 1160 2200; x_wconf 88' lang='lat' dir='ltr'>monu-</span> 
     </span>
     <span class='ocr_line' id='line_1_18' title="bbox 27 2239 1160 2329; baseline 0.006 -29"><span class='ocrx_word' id='word_1_133' title='bbox 27 2239 114 2303; x_wconf 88' lang='lat' dir='ltr'>menti</span> <span class='ocrx_word' id='word_1_134' title='bbox 135 2240 312 2326; x_wconf 81' lang='lat' dir='ltr'>imaginem</span> <span class='ocrx_word' id='word_1_135' title='bbox 336 2242 426 2306; x_wconf 88' lang='lat' dir='ltr'>cuius</span> <span class='ocrx_word' id='word_1_136' title='bbox 450 2263 548 2325; x_wconf 87' lang='lat' dir='ltr'>supra</span> <span class='ocrx_word' id='word_1_137' title='bbox 577 2241 776 2307; x_wconf 88' lang='lat' dir='ltr'>mentionem</span> <span class='ocrx_word' id='word_1_138' title='bbox 803 2241 865 2306; x_wconf 83' lang='lat' dir='ltr'>feci</span> <span class='ocrx_word' id='word_1_139' title='bbox 891 2242 1160 2329; x_wconf 88' lang='lat' dir='ltr'>photographam‚</span> 
     </span>
     <span class='ocr_line' id='line_1_19' title="bbox 27 2345 1158 2432; baseline 0.007 -28"><span class='ocrx_word' id='word_1_140' title='bbox 27 2345 110 2411; x_wconf 87' lang='lat' dir='ltr'>etiam</span> <span class='ocrx_word' id='word_1_141' title='bbox 132 2347 354 2431; x_wconf 84' lang='lat' dir='ltr'>inscriptionis</span> <span class='ocrx_word' id='word_1_142' title='bbox 379 2348 561 2432; x_wconf 91' lang='lat' dir='ltr'>exemplum</span> <span class='ocrx_word' id='word_1_143' title='bbox 589 2348 709 2412; x_wconf 90' lang='lat' dir='ltr'>eximia</span> <span class='ocrx_word' id='word_1_144' title='bbox 739 2353 772 2413; x_wconf 92' lang='lat' dir='ltr'>et</span> <span class='ocrx_word' id='word_1_145' title='bbox 795 2353 865 2413; x_wconf 87' lang='lat' dir='ltr'>arte</span> <span class='ocrx_word' id='word_1_146' title='bbox 889 2353 922 2413; x_wconf 92' lang='lat' dir='ltr'>et</span> <span class='ocrx_word' id='word_1_147' title='bbox 946 2371 1022 2414; x_wconf 88' lang='lat' dir='ltr'>eura</span> <span class='ocrx_word' id='word_1_148' title='bbox 1045 2349 1158 2415; x_wconf 87' lang='lat' dir='ltr'>colori-</span> 
     </span>
     <span class='ocr_line' id='line_1_20' title="bbox 26 2449 1160 2539; baseline 0.004 -27"><span class='ocrx_word' id='word_1_149' title='bbox 26 2449 76 2514; x_wconf 88' lang='lat' dir='ltr'>bus</span> <span class='ocrx_word' id='word_1_150' title='bbox 92 2454 212 2537; x_wconf 90' lang='lat' dir='ltr'>pictum</span> <span class='ocrx_word' id='word_1_151' title='bbox 231 2453 478 2539; x_wconf 78' lang='lat' dir='ltr'>incomparabili</span> <span class='ocrx_word' id='word_1_152' title='bbox 494 2451 755 2519; x_wconf 87' lang='lat' dir='ltr'>Sanremensinm</span> <span class='ocrx_word' id='word_1_153' title='bbox 769 2453 972 2539; x_wconf 85' lang='lat' dir='ltr'>benignitate</span> <span class='ocrx_word' id='word_1_154' title='bbox 991 2455 1026 2520; x_wconf 92' lang='lat' dir='ltr'>in</span> <span class='ocrx_word' id='word_1_155' title='bbox 1044 2477 1160 2518; x_wconf 89' lang='lat' dir='ltr'>manus</span> 
     </span>
     <span class='ocr_line' id='line_1_21' title="bbox 26 2560 1159 2654; baseline 0.004 -34"><span class='ocrx_word' id='word_1_156' title='bbox 26 2577 101 2622; x_wconf 89' lang='lat' dir='ltr'>meas</span> <span class='ocrx_word' id='word_1_157' title='bbox 119 2561 276 2644; x_wconf 84' lang='lat' dir='ltr'>pervenit.</span> <span class='ocrx_word' id='word_1_158' title='bbox 305 2560 398 2637; x_wconf 86' lang='lat' dir='ltr'>Quod</span> <span class='ocrx_word' id='word_1_159' title='bbox 417 2561 512 2625; x_wconf 90' lang='lat' dir='ltr'>simul</span> <span class='ocrx_word' id='word_1_160' title='bbox 537 2565 633 2645; x_wconf 87' lang='lat' dir='ltr'>atque</span> <span class='ocrx_word' id='word_1_161' title='bbox 653 2560 754 2625; x_wconf 91' lang='lat' dir='ltr'>oculis</span> <span class='ocrx_word' id='word_1_162' title='bbox 778 2561 914 2644; x_wconf 87' lang='lat' dir='ltr'>intueor,</span> <span class='ocrx_word' id='word_1_163' title='bbox 937 2561 1012 2625; x_wconf 87' lang='lat' dir='ltr'>ilico</span> <span class='ocrx_word' id='word_1_164' title='bbox 1036 2560 1159 2654; x_wconf 81' lang='lat' dir='ltr'>species</span> 
     </span>
     <span class='ocr_line' id='line_1_22' title="bbox 25 2665 1160 2751; baseline 0.004 -25"><span class='ocrx_word' id='word_1_165' title='bbox 25 2665 254 2732; x_wconf 76' lang='lat' dir='ltr'>evidentissima</span> <span class='ocrx_word' id='word_1_166' title='bbox 290 2667 358 2732; x_wconf 91' lang='lat' dir='ltr'>eius</span> <span class='ocrx_word' id='word_1_167' title='bbox 397 2667 600 2733; x_wconf 83' lang='lat' dir='ltr'>litteraturae</span> <span class='ocrx_word' id='word_1_168' title='bbox 639 2667 805 2750; x_wconf 88' lang='lat' dir='ltr'>apparuit,</span> <span class='ocrx_word' id='word_1_169' title='bbox 842 2667 948 2751; x_wconf 86' lang='lat' dir='ltr'>qualis</span> <span class='ocrx_word' id='word_1_170' title='bbox 980 2667 1043 2732; x_wconf 86' lang='lat' dir='ltr'>fuit</span> <span class='ocrx_word' id='word_1_171' title='bbox 1074 2667 1160 2730; x_wconf 89' lang='lat' dir='ltr'>cirea</span> 
     </span>
     <span class='ocr_line' id='line_1_23' title="bbox 25 2773 1160 2858; baseline 0.003 -24"><span class='ocrx_word' id='word_1_172' title='bbox 25 2775 158 2856; x_wconf 88' lang='lat' dir='ltr'>tempora</span> <span class='ocrx_word' id='word_1_173' title='bbox 186 2775 334 2838; x_wconf 88' lang='lat' dir='ltr'>exeuntis</span> <span class='ocrx_word' id='word_1_174' title='bbox 365 2775 483 2840; x_wconf 87' lang='lat' dir='ltr'>saeculi</span> <span class='ocrx_word' id='word_1_175' title='bbox 512 2773 643 2858; x_wconf 88' lang='lat' dir='ltr'>septimi</span> <span class='ocrx_word' id='word_1_176' title='bbox 674 2773 878 2858; x_wconf 89' lang='lat' dir='ltr'>ineuntisqne</span> <span class='ocrx_word' id='word_1_177' title='bbox 907 2773 1021 2839; x_wconf 86' lang='lat' dir='ltr'>octavi.</span> <span class='ocrx_word' id='word_1_178' title='bbox 1067 2773 1160 2850; x_wconf 85' lang='lat' dir='ltr'>Quod</span> 
     </span>
     <span class='ocr_line' id='line_1_24' title="bbox 25 2879 1160 2965; baseline 0.002 -23"><span class='ocrx_word' id='word_1_179' title='bbox 25 2879 138 2961; x_wconf 88' lang='lat' dir='ltr'>quidem</span> <span class='ocrx_word' id='word_1_180' title='bbox 161 2882 210 2946; x_wconf 90' lang='lat' dir='ltr'>ita</span> <span class='ocrx_word' id='word_1_181' title='bbox 234 2903 305 2945; x_wconf 90' lang='lat' dir='ltr'>esse</span> <span class='ocrx_word' id='word_1_182' title='bbox 328 2880 438 2964; x_wconf 85' lang='lat' dir='ltr'>facile,</span> <span class='ocrx_word' id='word_1_183' title='bbox 467 2879 523 2964; x_wconf 92' lang='lat' dir='ltr'>qui</span> <span class='ocrx_word' id='word_1_184' title='bbox 545 2879 661 2944; x_wconf 90' lang='lat' dir='ltr'>harum</span> <span class='ocrx_word' id='word_1_185' title='bbox 685 2901 791 2944; x_wconf 89' lang='lat' dir='ltr'>rernm</span> <span class='ocrx_word' id='word_1_186' title='bbox 821 2879 961 2965; x_wconf 88' lang='lat' dir='ltr'>aliquem</span> <span class='ocrx_word' id='word_1_187' title='bbox 987 2901 1080 2944; x_wconf 91' lang='lat' dir='ltr'>usum</span> <span class='ocrx_word' id='word_1_188' title='bbox 1103 2880 1160 2944; x_wconf 93' lang='lat' dir='ltr'>ha-</span> 
     </span>
     <span class='ocr_line' id='line_1_25' title="bbox 25 2982 1200 3072; baseline 0.003 -27"><span class='ocrx_word' id='word_1_189' title='bbox 25 2982 102 3070; x_wconf 86' lang='lat' dir='ltr'>beat,</span> <span class='ocrx_word' id='word_1_190' title='bbox 130 3009 169 3052; x_wconf 85' lang='lat' dir='ltr'>ex</span> <span class='ocrx_word' id='word_1_191' title='bbox 193 3009 233 3051; x_wconf 87' lang='lat' dir='ltr'>ea</span> <span class='ocrx_word' id='word_1_192' title='bbox 255 2985 404 3072; x_wconf 81' lang='lat' dir='ltr'>tabula*)</span> <span class='ocrx_word' id='word_1_193' title='bbox 432 2985 608 3071; x_wconf 87' lang='lat' dir='ltr'>perspiciet</span> <span class='ocrx_word' id='word_1_194' title='bbox 637 3007 701 3069; x_wconf 89' lang='lat' dir='ltr'>qna</span> <span class='ocrx_word' id='word_1_195' title='bbox 723 2985 844 3069; x_wconf 89' lang='lat' dir='ltr'>figuras</span> <span class='ocrx_word' id='word_1_196' title='bbox 867 2985 1049 3051; x_wconf 87' lang='lat' dir='ltr'>litterarum</span> <span class='ocrx_word' id='word_1_197' title='bbox 1073 2986 1160 3051; x_wconf 90' lang='lat' dir='ltr'>omni</span> <span class='ocrx_word' id='word_1_198' title='bbox 1191 3051 1200 3070; x_wconf 62' lang='lat'>‚</span> 
     </span>
     <span class='ocr_line' id='line_1_26' title="bbox 24 3090 1158 3178; baseline 0.004 -28"><span class='ocrx_word' id='word_1_199' title='bbox 24 3090 76 3153; x_wconf 88' lang='lat' dir='ltr'>fide</span> <span class='ocrx_word' id='word_1_200' title='bbox 93 3093 324 3178; x_wconf 79' lang='lat' dir='ltr'>lithographns</span> <span class='ocrx_word' id='word_1_201' title='bbox 343 3097 456 3158; x_wconf 87' lang='lat' dir='ltr'>noster</span> <span class='ocrx_word' id='word_1_202' title='bbox 474 3092 516 3156; x_wconf 89' lang='lat' dir='ltr'>ad</span> <span class='ocrx_word' id='word_1_203' title='bbox 535 3114 646 3156; x_wconf 86' lang='lat' dir='ltr'>verum</span> <span class='ocrx_word' id='word_1_204' title='bbox 665 3091 825 3174; x_wconf 84' lang='lat' dir='ltr'>expressit</span> <span class='ocrx_word' id='word_1_205' title='bbox 844 3091 904 3156; x_wconf 88' lang='lat' dir='ltr'>suh</span> <span class='ocrx_word' id='word_1_206' title='bbox 918 3093 959 3157; x_wconf 80' lang='lat' dir='ltr'>A.</span> <span class='ocrx_word' id='word_1_207' title='bbox 986 3091 1158 3156; x_wconf 87' lang='lat' dir='ltr'>Praeterea</span> 
     </span>
     <span class='ocr_line' id='line_1_27' title="bbox 24 3197 1158 3284; baseline 0.004 -25"><span class='ocrx_word' id='word_1_208' title='bbox 24 3217 77 3278; x_wconf 88' lang='lat' dir='ltr'>quo</span> <span class='ocrx_word' id='word_1_209' title='bbox 107 3201 188 3265; x_wconf 90' lang='lat' dir='ltr'>nihil</span> <span class='ocrx_word' id='word_1_210' title='bbox 221 3200 406 3265; x_wconf 88' lang='lat' dir='ltr'>omitterem</span> <span class='ocrx_word' id='word_1_211' title='bbox 437 3203 549 3284; x_wconf 89' lang='lat' dir='ltr'>aptum</span> <span class='ocrx_word' id='word_1_212' title='bbox 587 3198 627 3262; x_wconf 86' lang='lat' dir='ltr'>ad</span> <span class='ocrx_word' id='word_1_213' title='bbox 658 3197 930 3282; x_wconf 85' lang='lat' dir='ltr'>persuadendum,</span> <span class='ocrx_word' id='word_1_214' title='bbox 967 3199 1158 3264; x_wconf 86' lang='lat' dir='ltr'>transmisso</span> 
     </span>
     <span class='ocr_line' id='line_1_28' title="bbox 24 3304 1160 3391; baseline 0.005 -27"><span class='ocrx_word' id='word_1_215' title='bbox 24 3307 157 3390; x_wconf 85' lang='lat' dir='ltr'>exemplo</span> <span class='ocrx_word' id='word_1_216' title='bbox 191 3306 401 3390; x_wconf 89' lang='lat' dir='ltr'>lithographo</span> <span class='ocrx_word' id='word_1_217' title='bbox 432 3327 450 3370; x_wconf 97' lang='lat' dir='ltr'>e</span> <span class='ocrx_word' id='word_1_218' title='bbox 479 3305 686 3390; x_wconf 88' lang='lat' dir='ltr'>peritissimis</span> <span class='ocrx_word' id='word_1_219' title='bbox 719 3304 753 3368; x_wconf 91' lang='lat' dir='ltr'>in</span> <span class='ocrx_word' id='word_1_220' title='bbox 784 3304 847 3369; x_wconf 91' lang='lat' dir='ltr'>hoe</span> <span class='ocrx_word' id='word_1_221' title='bbox 879 3326 995 3391; x_wconf 90' lang='lat' dir='ltr'>genere</span> <span class='ocrx_word' id='word_1_222' title='bbox 1028 3305 1160 3372; x_wconf 88' lang='lat' dir='ltr'>arbitris</span> 
     </span>
     <span class='ocr_line' id='line_1_29' title="bbox 24 3405 1212 3494; baseline 0.002 -20"><span class='ocrx_word' id='word_1_223' title='bbox 24 3405 173 3480; x_wconf 82' lang='lat' dir='ltr'>Guilelmo</span> <span class='ocrx_word' id='word_1_224' title='bbox 201 3411 356 3478; x_wconf 84' lang='lat' dir='ltr'>Henneno</span> <span class='ocrx_word' id='word_1_225' title='bbox 389 3417 422 3476; x_wconf 90' lang='lat' dir='ltr'>et</span> <span class='ocrx_word' id='word_1_226' title='bbox 454 3412 499 3477; x_wconf 94' lang='lat' dir='ltr'>lo.</span> <span class='ocrx_word' id='word_1_227' title='bbox 522 3411 675 3494; x_wconf 85' lang='lat' dir='ltr'>Baptista</span> <span class='ocrx_word' id='word_1_228' title='bbox 701 3410 819 3476; x_wconf 87' lang='lat' dir='ltr'>Rossio</span> <span class='ocrx_word' id='word_1_229' title='bbox 851 3411 890 3475; x_wconf 89' lang='lat' dir='ltr'>de</span> <span class='ocrx_word' id='word_1_230' title='bbox 921 3413 1018 3477; x_wconf 93' lang='lat' dir='ltr'>huius</span> <span class='ocrx_word' id='word_1_231' title='bbox 1051 3416 1157 3477; x_wconf 87' lang='lat' dir='ltr'>aetate</span> <span class='ocrx_word' id='word_1_232' title='bbox 1168 3429 1212 3469; x_wconf 82' lang='lat' dir='ltr'>vn</span> 
     </span>
     <span class='ocr_line' id='line_1_30' title="bbox 24 3515 1162 3602; baseline 0.004 -25"><span class='ocrx_word' id='word_1_233' title='bbox 24 3517 190 3600; x_wconf 89' lang='lat' dir='ltr'>scripturae</span> <span class='ocrx_word' id='word_1_234' title='bbox 215 3519 401 3584; x_wconf 88' lang='lat' dir='ltr'>sciscitatus</span> <span class='ocrx_word' id='word_1_235' title='bbox 425 3519 515 3584; x_wconf 89' lang='lat' dir='ltr'>nulla</span> <span class='ocrx_word' id='word_1_236' title='bbox 538 3515 733 3600; x_wconf 87' lang='lat' dir='ltr'>interposita</span> <span class='ocrx_word' id='word_1_237' title='bbox 757 3539 849 3582; x_wconf 91' lang='lat' dir='ltr'>mora</span> <span class='ocrx_word' id='word_1_238' title='bbox 872 3539 1062 3602; x_wconf 87' lang='lat' dir='ltr'>responsum</span> <span class='ocrx_word' id='word_1_239' title='bbox 1091 3520 1162 3602; x_wconf 87' lang='lat' dir='ltr'>tuli,</span> 
     </span>
     <span class='ocr_line' id='line_1_31' title="bbox 23 3623 1159 3709; baseline 0.004 -25"><span class='ocrx_word' id='word_1_240' title='bbox 23 3641 78 3687; x_wconf 93' lang='lat' dir='ltr'>non</span> <span class='ocrx_word' id='word_1_241' title='bbox 106 3648 203 3709; x_wconf 86' lang='lat' dir='ltr'>posse</span> <span class='ocrx_word' id='word_1_242' title='bbox 226 3625 295 3692; x_wconf 88' lang='lat' dir='ltr'>ullo</span> <span class='ocrx_word' id='word_1_243' title='bbox 319 3625 415 3690; x_wconf 91' lang='lat' dir='ltr'>modo</span> <span class='ocrx_word' id='word_1_244' title='bbox 443 3623 585 3689; x_wconf 89' lang='lat' dir='ltr'>dubitari</span> <span class='ocrx_word' id='word_1_245' title='bbox 613 3623 690 3706; x_wconf 90' lang='lat' dir='ltr'>quin</span> <span class='ocrx_word' id='word_1_246' title='bbox 718 3624 777 3688; x_wconf 91' lang='lat' dir='ltr'>illa</span> <span class='ocrx_word' id='word_1_247' title='bbox 804 3627 861 3688; x_wconf 92' lang='lat' dir='ltr'>aut</span> <span class='ocrx_word' id='word_1_248' title='bbox 887 3625 1010 3689; x_wconf 91' lang='lat' dir='ltr'>ultimis</span> <span class='ocrx_word' id='word_1_249' title='bbox 1038 3629 1159 3706; x_wconf 90' lang='lat' dir='ltr'>tempo-</span> 
     </span>
     <span class='ocr_line' id='line_1_32' title="bbox 23 3727 1160 3814; baseline 0.004 -25"><span class='ocrx_word' id='word_1_250' title='bbox 23 3727 102 3794; x_wconf 89' lang='lat' dir='ltr'>ribus</span> <span class='ocrx_word' id='word_1_251' title='bbox 133 3731 257 3796; x_wconf 88' lang='lat' dir='ltr'>liberae</span> <span class='ocrx_word' id='word_1_252' title='bbox 290 3731 337 3795; x_wconf 90' lang='lat' dir='ltr'>rei</span> <span class='ocrx_word' id='word_1_253' title='bbox 369 3730 517 3814; x_wconf 85' lang='lat' dir='ltr'>publicae</span> <span class='ocrx_word' id='word_1_254' title='bbox 548 3733 606 3794; x_wconf 90' lang='lat' dir='ltr'>ant</span> <span class='ocrx_word' id='word_1_255' title='bbox 635 3729 774 3794; x_wconf 85' lang='lat' dir='ltr'>fortasse</span> <span class='ocrx_word' id='word_1_256' title='bbox 802 3729 917 3814; x_wconf 90' lang='lat' dir='ltr'>primis</span> <span class='ocrx_word' id='word_1_257' title='bbox 945 3729 1072 3813; x_wconf 89' lang='lat' dir='ltr'>imperii</span> <span class='ocrx_word' id='word_1_258' title='bbox 1103 3731 1160 3794; x_wconf 91' lang='lat' dir='ltr'>tri·</span> 
     </span>
     <span class='ocr_line' id='line_1_33' title="bbox 25 3835 262 3904; baseline 0.017 -6"><span class='ocrx_word' id='word_1_259' title='bbox 25 3835 142 3903; x_wconf 87' lang='lat' dir='ltr'>buenda</span> <span class='ocrx_word' id='word_1_260' title='bbox 165 3843 262 3904; x_wconf 82' lang='lat' dir='ltr'>esset</span> 
     </span>
    </p>

    <p class='ocr_par' dir='ltr' id='par_1_4' title="bbox 25 3939 1217 4241">
     <span class='ocr_line' id='line_1_34' title="bbox 102 3939 1160 4029; baseline 0.001 -22"><span class='ocrx_word' id='word_1_261' title='bbox 102 3944 203 4010; x_wconf 88' lang='lat' dir='ltr'>Vides</span> <span class='ocrx_word' id='word_1_262' title='bbox 222 3967 320 4029; x_wconf 88' lang='lat' dir='ltr'>quam</span> <span class='ocrx_word' id='word_1_263' title='bbox 344 3947 432 4008; x_wconf 86' lang='lat' dir='ltr'>recte</span> <span class='ocrx_word' id='word_1_264' title='bbox 450 3944 515 4009; x_wconf 84' lang='lat' dir='ltr'>vim</span> <span class='ocrx_word' id='word_1_265' title='bbox 536 3947 569 4008; x_wconf 92' lang='lat' dir='ltr'>et</span> <span class='ocrx_word' id='word_1_266' title='bbox 589 3965 682 4008; x_wconf 90' lang='lat' dir='ltr'>usum</span> <span class='ocrx_word' id='word_1_267' title='bbox 702 3939 927 4026; x_wconf 87' lang='lat' dir='ltr'>epigraphices</span> <span class='ocrx_word' id='word_1_268' title='bbox 946 3941 1160 4026; x_wconf 86' lang='lat' dir='ltr'>praedicarim</span> 
     </span>
     <span class='ocr_line' id='line_1_35' title="bbox 25 4047 1217 4116; baseline 0.003 -6"><span class='ocrx_word' id='word_1_269' title='bbox 25 4049 58 4112; x_wconf 90' lang='lat' dir='ltr'>ad</span> <span class='ocrx_word' id='word_1_270' title='bbox 86 4050 312 4116; x_wconf 83' lang='lat' dir='ltr'>illustrandam</span> <span class='ocrx_word' id='word_1_271' title='bbox 352 4048 625 4116; x_wconf 85' lang='lat' dir='ltr'>emendandamve</span> <span class='ocrx_word' id='word_1_272' title='bbox 663 4047 835 4112; x_wconf 88' lang='lat' dir='ltr'>historiam</span> <span class='ocrx_word' id='word_1_273' title='bbox 873 4048 954 4112; x_wconf 90' lang='lat' dir='ltr'>artis</span> <span class='ocrx_word' id='word_1_274' title='bbox 989 4049 1160 4113; x_wconf 80' lang='lat' dir='ltr'>valentem.</span> <span class='ocrx_word' id='word_1_275' title='bbox 1210 4057 1217 4068; x_wconf 91' lang='grc'><em>“</em></span> 
     </span>
     <span class='ocr_line' id='line_1_36' title="bbox 25 4153 1160 4241; baseline 0.001 -23"><span class='ocrx_word' id='word_1_276' title='bbox 25 4153 139 4241; x_wconf 87' lang='lat' dir='ltr'>Quippe</span> <span class='ocrx_word' id='word_1_277' title='bbox 162 4179 248 4222; x_wconf 90' lang='lat' dir='ltr'>nnnc</span> <span class='ocrx_word' id='word_1_278' title='bbox 271 4157 401 4221; x_wconf 90' lang='lat' dir='ltr'>demum</span> <span class='ocrx_word' id='word_1_279' title='bbox 423 4159 546 4220; x_wconf 91' lang='lat' dir='ltr'>certum</span> <span class='ocrx_word' id='word_1_280' title='bbox 570 4175 629 4218; x_wconf 90' lang='lat' dir='ltr'>nec</span> <span class='ocrx_word' id='word_1_281' title='bbox 652 4154 719 4218; x_wconf 91' lang='lat' dir='ltr'>ullo</span> <span class='ocrx_word' id='word_1_282' title='bbox 739 4157 835 4238; x_wconf 88' lang='lat' dir='ltr'>paeto</span> <span class='ocrx_word' id='word_1_283' title='bbox 855 4153 954 4218; x_wconf 86' lang='lat' dir='ltr'>fallax</span> <span class='ocrx_word' id='word_1_284' title='bbox 971 4153 1160 4220; x_wconf 80' lang='lat' dir='ltr'>fundamen-</span> 
     </span>
    </p>
   </div>
   <div class='ocr_carea' id='block_1_3' title="bbox 25 4398 1160 4635">
    <p class='ocr_par' dir='ltr' id='par_1_5' title="bbox 25 4398 1160 4635">
     <span class='ocr_line' id='line_1_37' title="bbox 103 4398 1160 4472; baseline -0.002 -16"><span class='ocrx_word' id='word_1_285' title='bbox 103 4402 127 4471; x_wconf 72' lang='lat' dir='ltr'>*p</span> <span class='ocrx_word' id='word_1_286' title='bbox 146 4403 218 4456; x_wconf 82' lang='lat' dir='ltr'>Eam</span> <span class='ocrx_word' id='word_1_287' title='bbox 243 4401 369 4458; x_wconf 84' lang='lat' dir='ltr'>tabulam</span> <span class='ocrx_word' id='word_1_288' title='bbox 393 4400 440 4472; x_wconf 88' lang='lat' dir='ltr'>qui</span> <span class='ocrx_word' id='word_1_289' title='bbox 466 4398 628 4470; x_wconf 87' lang='lat' dir='ltr'>expetierit,</span> <span class='ocrx_word' id='word_1_290' title='bbox 657 4400 752 4456; x_wconf 88' lang='lat' dir='ltr'>venire</span> <span class='ocrx_word' id='word_1_291' title='bbox 780 4401 851 4456; x_wconf 87' lang='lat' dir='ltr'>sciat</span> <span class='ocrx_word' id='word_1_292' title='bbox 877 4399 952 4468; x_wconf 89' lang='lat' dir='ltr'>apud</span> <span class='ocrx_word' id='word_1_293' title='bbox 980 4400 1012 4453; x_wconf 81' lang='lat' dir='ltr'>A.</span> <span class='ocrx_word' id='word_1_294' title='bbox 1037 4399 1160 4454; x_wconf 81' lang='lat' dir='ltr'>Marcum</span> 
     </span>
     <span class='ocr_line' id='line_1_38' title="bbox 25 4483 362 4546; baseline 0.03 -10"><span class='ocrx_word' id='word_1_295' title='bbox 25 4483 159 4544; x_wconf 85' lang='lat' dir='ltr'>librarium</span> <span class='ocrx_word' id='word_1_296' title='bbox 178 4489 362 4546; x_wconf 88' lang='lat' dir='ltr'>Bonnensem.</span> 
     </span>
     <span class='ocr_line' id='line_1_39' title="bbox 72 4583 946 4635; baseline -0.001 -4"><span class='ocrx_word' id='word_1_297' title='bbox 72 4597 109 4632; x_wconf 82' lang='lat' dir='ltr'>en</span> <span class='ocrx_word' id='word_1_298' title='bbox 125 4598 274 4635; x_wconf 77' lang='lat' dir='ltr'>siracusam</span> <span class='ocrx_word' id='word_1_299' title='bbox 294 4599 425 4635; x_wconf 76' lang='lat' dir='ltr'>orvsovns</span> <span class='ocrx_word' id='word_1_300' title='bbox 446 4599 481 4634; x_wconf 79' lang='lat' dir='ltr'>rr.</span> <span class='ocrx_word' id='word_1_301' title='bbox 913 4583 946 4630; x_wconf 82' lang='grc'>36</span> 
     </span>
    </p>
   </div>
   <div class='ocr_carea' id='block_1_4' title="bbox 0 0 1490 5120">
    <p class='ocr_par' dir='ltr' id='par_1_6' title="bbox 0 0 1490 5120">
     <span class='ocr_line' id='line_1_40' title="bbox 0 0 1490 5120; baseline 0 2"><span class='ocrx_word' id='word_1_302' title='bbox 0 0 1490 5120; x_wconf 95' lang='lat' dir='ltr'> </span> 
     </span>
    </p>
   </div>
  </div>
 </body>
</html>
