2972 5120
414 398 695 447 sveeueuauuvu
719 398 754 445 11.
1089 379 1153 444 519

112 542 261 626 Ceterum,
284 545 321 607 ut
338 563 379 608 ne
398 541 460 606 boe
479 541 607 626 quidem
627 539 756 605 silentio
775 543 953 622 transeam,
976 537 1156 624 praemissa

39 647 215 732 inscriptioni
237 649 348 734 puncti
371 651 462 732 nota,
490 646 553 714 nisi
577 647 700 732 species
728 668 862 732 prorsus
890 646 990 730 fmus,
1016 649 1156 712 nonest

40 755 110 820 casui
130 753 303 819 tribuenda.
350 754 442 832 Quod
466 775 567 840 genus
591 755 798 840 quantumvis
826 775 936 819 rarum
959 753 1017 838 sit,
1047 755 1156 818 tamen

38 865 108 925 oerla
128 861 277 946 quaedam
305 861 513 945 plumborum
537 859 685 944 exempla
708 860 807 925 habet
830 881 911 944 quae
930 859 1076 926 Indioum
1099 881 1154 944 pa-

37 967 310 1052 laeograpbioorum
333 992 364 1053 p.
386 964 464 1032 119⁵
488 966 570 1032 med.
592 966 769 1052 composui.

478 1149 688 1156 how-.—

106 1285 219 1362 oneo
243 1286 314 1352 loeo
337 1307 402 1352 non
425 1285 525 1350 fuerit
552 1283 762 1350 iniucundum
790 1287 937 1372 cognitu,
970 1285 1055 1370 quod
1083 1289 1216 1356 ten-nu.

34 1393 90 1456 dem
118 1415 223 1458 verum
256 1393 516 1478 supplementum
554 1391 598 1456 sit
630 1391 818 1458 dimidiatae
850 1391 1030 1458 lamellae
1067 1390 1153 1454 illius

34 1497 269 1565 Bononiensis
296 1499 551 1582 uetustissimae,
582 1519 681 1582 quam
712 1500 754 1564 ab
780 1499 959 1566 Ariodaute
986 1496 1153 1564 Fabrettio

33 1603 186 1670 Taurinate
211 1605 352 1690 primum
381 1603 580 1690 publicatam
605 1603 765 1670 Glossarii
788 1605 895 1670 Italici
918 1627 949 1690 p.
968 1605 1047 1688 802,
1079 1607 1155 1690 post

33 1709 196 1778 Detleieeno
219 1711 367 1778 adiutore
391 1733 411 1776 a
433 1709 528 1776 uobis
551 1713 827 1795 repraesentatem
845 1710 880 1776 P.
894 1710 929 1776 L.
943 1709 986 1776 M.
999 1711 1037 1776 lo.
1056 1733 1086 1795 p.
1101 1711 1153 1795 97,

31 1818 156 1900 pluribus
187 1819 438 1904 dieoeptavimue
465 1817 570 1884 Musei
598 1815 748 1894 Rhenani
775 1819 799 1880 t.
821 1815 916 1881 XVII
945 1839 974 1901 p.
999 1818 1065 1883 605
1083 1839 1153 1902 sqq.

31 1925 94 1990 640:
119 1949 179 2010 quo
206 1925 288 1992 adde
316 1925 357 1991 ab
381 1923 494 1990 amieis
518 1921 742 1989 contradicta
767 1921 812 1986 ib.
835 1920 947 1987 XVIII
971 1945 1001 2008 p.
1023 1923 1084 1988 141
1105 1947 1152 2010 sq.

31 2030 109 2111 [Vide
133 2033 217 2099 infra
243 2055 276 2098 m
298 2030 424 2116 XXIII3
457 2023 661 2096 cl.c.1.1.
688 2029 705 2094 1
734 2051 766 2094 n.
785 2029 859 2095 812.
882 2029 962 2114 8133
995 2029 1055 2116 Vl,
1080 2032 1096 2095 1
1121 2053 1152 2097 n.

30 2137 101 2219 3le
143 2139 269 2226 Quippe
292 2138 411 2204 litteris
435 2136 679 2202 humanissimis
702 2134 849 2222 Rephael
873 2133 1066 2202 Garruooius
1090 2158 1152 2202 noa

30 2244 160 2311 certiores
181 2246 261 2312 lecit
284 2245 428 2312 nondum
450 2243 573 2309 fractae
597 2242 752 2327 tabellae,
774 2242 851 2307 dum
870 2241 993 2308 Romae
1016 2247 1079 2327 est,
1102 2265 1151 2308 ao-

30 2353 245 2420 ooratissimnm
270 2351 452 2438 exemplum
476 2347 668 2416 delineaudo
695 2353 847 2433 paratum
875 2369 944 2413 esse
967 2347 1151 2436 inscriptio

29 2477 88 2522 uem
108 2459 265 2547 integram
288 2460 387 2526 talem
410 2459 592 2542 praestans:

29 3127 103 3204 Quod
125 3137 303 3221 exemplum
325 3133 382 3200 ubi
401 3138 556 3218 servetur,
578 3135 706 3200 tabente
721 3131 893 3198 Garruoeio
912 3130 1149 3215 incompertum

28 3235 113 3303 nobis.
154 3239 198 3306 Et
229 3237 377 3306 DIOVIS
410 3238 540 3325 quidem
573 3239 654 3305 illud
687 3237 860 3304 divinando
894 3237 1023 3322 assequi
1054 3259 1149 3304 nemo

29 3345 168 3422 potuerat:
198 3347 327 3432 quando
356 3345 395 3411 de
418 3349 510 3411 cestu
533 3343 660 3410 Cereris
685 3344 857 3410 constabat
884 3341 987 3428 deque
1009 3343 1149 3430 Magnae

28 3451 123 3516 matria
149 3458 253 3538 caetu,
285 3475 352 3518 non
377 3453 457 3518 item
486 3451 524 3516 de
552 3449 752 3517 castulonis
780 3450 831 3516 vel
856 3448 980 3516 Diovis.
1027 3448 1089 3516 Sed
1116 3455 1150 3516 et

28 3553 174 3645 olsuvb,
197 3559 283 3647 quod
306 3556 545 3624 substantivum
565 3557 772 3644 interpretati
791 3579 911 3642 sumus,
934 3562 967 3622 et
985 3557 1149 3642 participii

29 3661 185 3734 ablativum
208 3665 410 3751 FACITVD,
433 3665 465 3733 b.
484 3688 509 3732 e.
532 3671 618 3734 matu
637 3667 730 3755 facto,
755 3686 810 3730 eas
835 3664 964 3748 quidem
987 3664 1147 3730 oonieetu·

27 3787 70 3832 ras
94 3775 173 3856 quod
199 3775 296 3860 plane
327 3795 413 3840 nuno
444 3775 650 3840 confirmatas
680 3770 911 3854 intelleximus,
942 3791 1007 3836 non
1040 3771 1150 3856 potuit
1199 3785 1202 3792 '

28 3891 79 3936 non
99 3885 281 3964 pergratum
299 3879 453 3946 accidere.
485 3877 635 3944 Ceterum
649 3877 846 3943 delineatum
861 3876 1044 3960 exemplum
1058 3877 1148 3962 illud,

28 3977 49 4040 si
72 3984 158 4050 modo
185 4009 242 4070 per
261 3983 427 4052 Garruooii
454 3985 684 4050 liberalitatem
707 3984 832 4068 licebit,
859 3983 1008 4068 proxima
1034 3984 1147 4050 tabula

23 4081 67 4148 -lIl
96 4087 211 4174 [XVII]
244 4113 470 4177 proponemus.
526 4087 587 4170 [Of.
621 4087 785 4175 Supplem.
816 4090 867 4156 III
898 4112 928 4175 p.
954 4089 1015 4156 XV
1047 4089 1147 4178 (infra

28 4211 51 4272 p.
66 4193 136 4284 533)
154 4220 236 4284 sqq.;
271 4197 318 4264 IV
340 4221 371 4284 p.
389 4194 486 4262 XVII
508 4194 608 4283 (infra
630 4219 660 4280 p.
679 4195 758 4281 556)
779 4199 838 4280 eq.]

469 4411 679 4420 ...——-——
