3108 5142
856 1238 934 1321 ru.
1003 1177 1006 1184 ’

538 1394 650 1499 Legis
678 1395 849 1478 Rubriae
877 1418 970 1499 pars
999 1397 1238 1499 superstas

595 1522 668 1589 (oum
688 1519 795 1574 duabus
814 1519 918 1574 tabulis
937 1520 1189 1591 lithographis**)).

293 1773 302 1809 1
407 1753 549 1818 LEGEM
574 1754 766 1820 RVBRIAM
791 1755 875 1838 quod
902 1756 1028 1838 vocavi,
1052 1779 1133 1840 quae
1157 1777 1213 1839 per
1238 1756 1405 1841 sexaginta
1424 1755 1450 1816 et

319 1860 404 1945 quod
428 1861 553 1925 excedit
576 1884 677 1925 annos
702 1861 753 1925 lex
777 1860 931 1926 Galliae
955 1861 1170 1944 cisalpinae
1195 1862 1245 1926 vel
1270 1861 1378 1944 paullo
1401 1859 1451 1923 sal·
1530 1899 1531 1934 3

317 1972 383 2032 tem
412 1969 529 2032 rectius
562 1968 605 2032 de
634 1967 766 2033 Gallia
799 1968 993 2052 cisalpina
1026 1968 1087 2032 dici
1116 1969 1215 2032 solita
1246 1975 1312 2052 est,
1340 1969 1372 2033 id
1397 1989 1452 2033 non
1531 2045 1532 2048 Ἴ

319 2074 414 2138 modo
433 2074 626 2156 defensione,
644 2074 704 2138 'sed
723 2097 763 2138 ne
783 2077 989 2140 excusatione
1009 2075 1138 2159 quidem
1164 2074 1381 2141 modestiaeve
1399 2077 1453 2158 sig·
1527 2139 1531 2171 J

317 2180 505 2245 nificatione
521 2181 649 2246 videtur
662 2181 759 2246 hodie
774 2204 876 2267 egere.
904 2182 989 2246 Nam
1005 2188 1177 2267 postquam
1194 2183 1230 2248 G.
1245 2183 1278 2248 F.
1296 2185 1452 2250 Pvcnnsn
1528 2246 1532 2255 ,

317 2286 402 2351 felici
432 2288 610 2373 sagacitate
644 2288 844 2370 patefactum
877 2293 927 2353 est
954 2289 988 2352 in
1017 2286 1357 2354 Commentationibus
1385 2288 1452 2353 iuris
1531 2279 1532 2318 ³

405 2497 430 2564 ¹¹²)
459 2499 655 2570 [Programma
687 2499 877 2552 academicum
913 2499 1057 2553 Bonnense
1090 2499 1157 2553 anni
1191 2504 1270 2552 1851:
1312 2498 1454 2555 ‘Natalioia

316 2588 514 2659 Augusnssimi
537 2589 622 2658 Regis
644 2589 777 2643 Friderioi
801 2589 934 2644 Guilelmi
959 2590 1009 2642 llll
1012 2631 1107 2644 .....
1131 2589 1176 2643 die
1199 2589 1250 2642 XV
1273 2607 1311 2648 m.
1337 2585 1454 2644 Octobris

316 2694 342 2735 a«
356 2676 551 2733 cloloeccnl
567 2679 786 2733 concelebranda
800 2678 899 2734 indicit
913 2680 942 2734 F.
958 2679 1012 2746 R),
1028 2677 1208 2747 singulariter
1227 2677 1266 2731 sic
1286 2678 1453 2746 inscriptum:

317 2766 411 2838 ‘Legis
430 2767 551 2823 Rubriae
570 2785 634 2838 pars
654 2770 802 2837 superstes.
822 2768 858 2822 ad
877 2769 959 2821 fidem
975 2767 1047 2820 aeris
1062 2767 1218 2821 Parmensis
1232 2768 1364 2837 exemplo
1378 2765 1454 2819 litho-

313 2857 420 2925 grapbo
431 2856 640 2925 exprimendam
651 2855 760 2910 curavit
768 2856 849 2909 aa)
866 2856 973 2924 (Neque
984 2855 1067 2922 enim,
1077 2854 1260 2908 utltitschelii
1271 2855 1361 2924 ipsius
1373 2851 1454 2908 verbis

313 2946 384 3011 utar,
399 2943 530 3013 indignus
539 2945 613 2998 visus
626 2948 669 2998 est
678 2943 911 3014 praestantissimi
922 2945 1093 2998 monumenti
1104 2944 1180 2998 baud
1189 2945 1314 3012 vulgaris
1325 2944 1455 3015 splendor,

313 3033 362 3100 qui
386 3032 558 3085 laetissimae
578 3033 795 3100 opportunitatis
817 3031 994 3087 academicae
1014 3033 1155 3102 splendori
1174 3033 1346 3102 inserviret.)
1386 3033 1454 3086 Idem

314 3118 408 3185 paullo
423 3122 487 3186 post
502 3120 674 3188 bibliopolae
689 3120 861 3175 Berolinensi
877 3121 909 3176 G.
926 3122 1086 3176 Trautwcin
1102 3123 1132 3188 (l.
1145 3121 1313 3192 Guttentag)
1328 3123 1455 3176 traditum

312 3205 340 3259 in
356 3206 498 3276 publicum
513 3208 618 3276 prodiit
633 3209 769 3277 singulari
785 3209 897 3276 quidem
913 3208 1096 3278 inscriptione
1112 3213 1231 3274 servata,
1247 3211 1294 3264 sed
1310 3210 1456 3280 praemissa

312 3294 366 3349 hac
385 3296 570 3351 dedicatione:
592 3297 780 3351 INCLVTAE
800 3299 803 3333 ¹
820 3297 1061 3351 LITTERARVM
1077 3326 1082 3339 ·
1101 3297 1146 3350 ΕΤ
1164 3326 1169 3339 ·
1186 3296 1450 3366 sornnrrauvul

312 3383 548 3438 Acannnrru·
568 3385 704 3440 acoris
721 3417 726 3427 .
746 3386 877 3440 norcau
900 3390 903 3453 l
925 3385 1143 3440 unrosarcvs
1163 3415 1169 3426 -
1189 3385 1428 3441 arraonanrvs
1451 3392 1454 3454 l
1543 3383 1544 3454 j

312 3474 336 3527 n
357 3475 428 3528 -n-
450 3474 471 3528 a
493 3505 498 3516 ·
521 3474 550 3528 n
571 3481 574 3545 l
596 3474 708 3530 oanni
735 3474 1103 3540 -vunnassvsorovn
1124 3478 1128 3543 l
1150 3475 1257 3529 inrui
1279 3506 1285 3517 -
1305 3475 1456 3530 rassin·
1543 3517 1544 3530 .

311 3562 585 3620 canni-cavam
605 3567 670 3633 (luit
689 3566 762 3620 enim
782 3583 806 3620 a.
829 3571 896 3619 1850
916 3565 1076 3619 academiae
1097 3564 1198 3618 Boicac
1219 3565 1310 3618 socius
1331 3569 1456 3620 externus

310 3652 478 3708 Bitschelius
502 3655 669 3724 adscriptus)
694 3655 847 3723 additoque
871 3653 995 3707 auctario
1022 3672 1047 3722 p.
1070 3659 1101 3706 15
1122 3659 1150 3709 et
1173 3654 1202 3707 in
1222 3654 1275 3707 fine
1295 3653 1456 3724 significatis

309 3741 349 3794 eis
369 3759 439 3811 qnae
459 3743 488 3797 in
512 3744 600 3797 Musei
628 3743 754 3795 Rhenani
780 3745 834 3797 vol.
859 3743 923 3795 Vlll
943 3760 969 3810 p.
990 3748 1041 3795 298
1062 3759 1121 3810 sqq.
1142 3745 1171 3796 et
1189 3748 1241 3794 448
1262 3761 1321 3812 sqq.
1342 3743 1379 3796 ad
1396 3759 1455 3796 ean·

309 3829 373 3884 dem
392 3833 482 3901 legem
507 3832 665 3903 spectantia
683 3831 853 3885 ltitsobelius
872 3832 978 3885 interea
998 3831 1198 3900 disputaverat.
1237 3831 1315 3885 Nunc
1340 3833 1405 3886 vide
1429 3829 1453 3884 C.

310 3919 329 3973 l.
351 3920 381 3974 lr.
402 3922 412 3974 l
433 3939 458 3975 n.
478 3928 529 3974 205
548 3941 574 3991 p.
593 3928 655 3987 11⁷3
676 3921 705 3974 P.
725 3921 755 3973 L.
775 3919 811 3974 M.
832 3918 862 3974 Ε.
883 3921 940 3974 tab.
960 3920 1064 3974 XXXII
1080 3925 1108 3975 ct
1122 3921 1217 3976 Enarr.
1232 3940 1259 3990 p.
1274 3926 1316 3976 28.
1356 3923 1386 3976 C.
1402 3920 1455 3986 Wl
1543 3955 1544 3984 q

398 4007 438 4074 **)
459 4007 635 4079 [Exemplum
664 4009 737 4077 quod
762 4009 788 4062 in
813 4008 917 4062 tabulis
942 4009 950 4061 l
972 4014 1000 4063 et
1024 4011 1047 4064 ll
1071 4010 1223 4064 adiecimus
1246 4009 1454 4079 lithogrspbnm
1543 4027 1544 4052 r

308 4114 362 4151 non
384 4097 457 4150 idem
484 4098 617 4166 estquod
637 4098 701 4150 huic
721 4099 755 4151 de
774 4098 836 4166 lege
858 4098 961 4151 ltubria
981 4097 1209 4152 commentationi
1227 4097 1357 4150 adhaesit
1372 4102 1397 4165 (e
1412 4097 1453 4150 dc·
1543 4091 1544 4108 ¹

308 4186 460 4240 lineatione
479 4202 533 4239 nou
553 4185 622 4239 satis
646 4189 777 4240 accurata
796 4187 867 4240 illud
887 4189 1069 4254 expressum),
1092 4186 1140 4238 sed
1160 4184 1309 4254 repetitum
1329 4203 1364 4238 ex
1384 4201 1455 4239 nora
1543 4197 1544 4210 ¹

307 4275 405 4328 tabula
437 4292 520 4344 quam
554 4276 704 4330 secundum
737 4277 841 4330 formas
875 4280 1003 4330 stanneas
1037 4273 1109 4327 aeris
1143 4273 1298 4327 Parmensis
1331 4274 1452 4328 effictam

306 4363 396 4418 edidit
419 4363 587 4417 Ritsclrelius
611 4364 639 4418 P.
665 4363 694 4417 L.
719 4365 754 4417 M.
782 4365 810 4418 E.
836 4365 893 4418 tab.
915 4363 1029 4428 XXXll;
1060 4362 1123 4414 vide
1147 4361 1220 4414 infra
1242 4362 1452 4418 adnotationem

305 4451 382 4520 adp.
398 4457 439 4505 38.
478 4451 505 4506 C.
527 4452 583 4522 Ν]
