3108 5142
336 294 378 360 28
644 324 650 331 ·
700 312 915 360 aerrlrmvm
940 313 1122 362 uerarcvu

334 475 455 520 socru!
485 458 744 541 supplementum
777 456 941 539 convenit,
975 478 1033 522 nec
1066 457 1287 522 disconvenire
1317 477 1448 520 orarum

335 560 485 645 dixerim,
516 566 686 646 utrumqne
711 563 810 628 etiam
835 585 872 628 eo
896 563 1161 648 commendabile,
1184 563 1268 647 quod
1292 567 1361 648 post
1384 579 1447 627 ovu-

335 685 402 734 c‘rn
434 668 489 734 ille
526 673 664 733 testatus
703 673 753 734 est
785 671 941 735 rotundae
973 671 1102 735 litterae
1136 670 1276 756 speciem
1312 691 1451 754 apparare,

332 779 408 859 post
440 775 621 859 proximam
654 779 763 841 autem
795 778 938 842 litteram
973 778 1065 842 binas
1093 777 1196 842 lineas
1225 781 1336 842 rectas.
1379 773 1451 850 Quod
1533 851 1534 854 Ἴ

333 888 446 947 contra
478 884 540 948 etsi
573 884 698 948 dnobus
731 884 846 968 spatiis
879 885 1014 949 eandem
1048 907 1231 949 mensnram
1266 902 1453 948 ammarum
1533 905 1534 930 τ

332 988 413 1053 illud
440 988 577 1072 excedit,
613 992 724 1054 tamen
753 991 788 1055 in
821 991 1031 1056 annotatione
1064 992 1233 1075 proposita
1261 1012 1280 1054 a
1307 988 1452 1053 Mommse-

332 1095 387 1160 nio
411 1097 636 1180 snpplementa
659 1114 797 1162 ovacra
815 1099 827 1182 ΙΙ
845 1121 1050 1162 murratum
1075 1103 1108 1163 et
1132 1113 1295 1162 cvuo'rmx
1310 1096 1321 1180 ss
1338 1115 1453 1158 renarr-
1532 1139 1533 1142 ,

333 1226 409 1267 arur
440 1201 536 1290 (quae
573 1203 629 1267 ille
664 1204 777 1268 reiecit
818 1227 908 1287 sanc,
950 1206 1006 1270 sed
1039 1210 1172 1289 propter
1204 1203 1342 1269 formam
1371 1199 1455 1264 solam

334 1309 515 1375 litterarum
540 1310 666 1394 reiecit,
689 1333 748 1376 nos
772 1335 812 1377 ne
836 1312 1056 1397 intellegimus
1080 1310 1222 1396 quidem)
1247 1310 1289 1374 ad
1314 1306 1455 1373 denarium

332 1420 429 1502 atque
453 1417 533 1481 adeo
557 1417 769 1482 undenarium
797 1441 967 1484 numerum
995 1420 1067 1504 ipsa
1090 1417 1348 1505 progrediuntur.
1381 1411 1457 1477 Vnde
1515 1401 1517 1404 ⁵

333 1523 542 1608 consequitur
564 1545 583 1587 a
602 1524 780 1607 posteriore
800 1526 930 1610 quidem
953 1548 1047 1590 versu
1066 1527 1288 1609 exemplorum
1309 1544 1400 1606 snpra
1415 1541 1457 1602 po·
1528 1560 1532 1578 «,

331 1631 468 1696 sitorum
491 1630 617 1695 nullum
641 1632 823 1696 necessario
848 1634 1011 1697 exclusum
1035 1655 1113 1697 esse.
1147 1631 1352 1716 Superiorem
1371 1631 1459 1693 autem
1527 1692 1530 1700 ,

332 1759 532 1821 quocumque
556 1737 652 1802 modo
672 1738 882 1822 suppleveris
906 1761 964 1823 pro
982 1761 1099 1803 novem
1118 1738 1218 1803 habes
1238 1742 1296 1803 aut
1314 1737 1459 1821 quattuor·
1527 1728 1531 1739 '

332 1845 436 1908 decim
470 1843 777 1930 (murmurasse,
819 1845 1115 1931 rarrscmrueorr)
1157 1849 1213 1911 aut
1250 1846 1367 1910 saltem
1400 1841 1461 1904 duo·
1527 1902 1531 1911 .

333 1951 436 2016 decim
479 1952 605 2016 litteras
645 1949 912 2036 (mrsrrrxsso,
957 1975 1212 2038 Arrrsrrororr,
1248 1967 1461 2024 asrorrrrrsso,
1528 1954 1532 1967 “

331 2056 580 2146 colomannum)
611 2060 661 2124 rel
690 2058 829 2125 fortasse
864 2059 1013 2124 undecim
1041 2060 1069 2123 si
1097 2075 1198 2125 svmsr
1224 2058 1380 2143 scriptum
1404 2053 1461 2118 fuit

332 2165 378 2230 At
400 2187 440 2230 ne
467 2164 614 2229 undecim
637 2166 765 2251 quidem
785 2167 911 2230 litteras
926 2164 1159 2230 Mommsenius
1179 2167 1348 2249 concessit,
1370 2164 1462 2247 spreto

332 2279 428 2357 atque
452 2273 638 2355 improbato
662 2273 695 2338 in
720 2274 928 2337 annotatione
952 2272 1047 2337 huius
1066 2295 1234 2337 mensurae
1254 2273 1463 2358 supplemento

333 2401 562 2451 rorarr'sorzrr.
622 2378 684 2444 Sed
722 2380 858 2444 eundem
890 2384 1001 2444 tamen
1037 2380 1172 2444 lacunae
1209 2380 1369 2446 ambitum
1403 2397 1464 2441 cum

332 2487 416 2551 idem
448 2488 504 2552 ille
537 2510 557 2551 a
588 2487 696 2570 priore
724 2508 818 2551 versu
849 2510 915 2551 non
944 2486 1085 2552 alienum
1122 2487 1330 2570 iudicaverit,
1368 2488 1465 2550 contre

332 2597 429 2676 atque
462 2595 496 2658 in
525 2592 714 2678 apographo
748 2593 1002 2676 significaverat,
1032 2590 1205 2657 verendum
1236 2615 1277 2659 ne
1311 2593 1364 2658 hic
1392 2590 1465 2654 iusto

331 2701 458 2784 parcior
486 2703 691 2783 computator
719 2701 887 2765 exstiterit.
933 2700 979 2764 Vt
1006 2723 1072 2765 non
1095 2705 1216 2766 temere
1247 2701 1293 2765 sie
1319 2699 1464 2766 existima·

331 2830 416 2892 mus,
444 2829 503 2872 neo
526 2825 647 2872 svnsr·
664 2828 881 2880 oras-aruir
903 2830 939 2872 ac
962 2808 1100 2872 fortasse
1123 2830 1164 2870 ne
1193 2805 1387 2891 exquisitius
1408 2803 1466 2888 qui-

331 2914 404 2980 dem
428 2933 496 2980 svm
512 2949 518 2963 ·
533 2936 652 2978 Arrr's·
669 2936 687 2985 a
702 2949 708 2962 ·
724 2936 826 2978 nrorr
846 2913 966 2978 rationi
986 2936 1023 2978 ac
1043 2913 1267 2997 probabilitati
1286 2930 1467 2998 repugnare,

330 3023 520 3106 praesertim
554 3043 625 3086 cum
658 3022 698 3085 ab
727 3021 839 3085 eodem
872 3020 1028 3103 lapidario
1058 3016 1084 3084 b
1117 3042 1175 3103 pro
1204 3036 1241 3083 nl
1268 3020 1408 3086 incisum
1432 3017 1468 3082 sit

331 3151 359 3193 v.
379 3130 408 3193 8.
440 3127 575 3192 Accedit
598 3126 765 3211 quodet1
788 3130 822 3190 et
845 3145 865 3190 a
887 3130 955 3192 ets
975 3131 1007 3192 et
1030 3145 1051 3190 P
1075 3124 1330 3212 (paritcratque
1351 3121 1467 3207 retu)

330 3259 369 3300 ex
392 3236 438 3300 eis
457 3235 576 3300 litteris
596 3238 678 3317 sunt,
702 3235 817 3318 quibus
837 3234 879 3297 ob
899 3235 1021 3318 figurae
1041 3235 1225 3319 angustiam
1245 3236 1351 3300 multo
1370 3235 1467 3299 minus

330 3343 427 3428 spatii
450 3364 547 3427 quam
570 3342 704 3428 reliquis
728 3341 870 3406 debetur.

417 3448 529 3534 Longe
553 3449 653 3530 etiam
680 3448 837 3514 maiorem
862 3449 1041 3512 sententiae
1065 3449 1256 3513 varietatem
1276 3453 1376 3534 atque
1398 3446 1468 3512 adeo
1542 3517 1543 3539 χ

329 3555 548 3620 diversitatem
568 3556 739 3620 versus14
758 3555 873 3620 lacuna
892 3553 1045 3619 admittit.
1071 3555 1116 3618 Et
1135 3573 1232 3619 nura
1252 3556 1384 3640 quidem
1398 3550 1469 3620 illud
1542 3552 1543 3598 ἶ

329 3663 363 3726 in
381 3663 442 3727 fine
466 3663 607 3746 positum
635 3663 712 3727 licet
739 3663 790 3727 vel
814 3681 916 3726 imru
947 3663 997 3727 vel
1024 3681 1129 3727 rorrn
1159 3663 1209 3728 vel
1238 3681 1350 3728 sorra
1378 3663 1469 3726 inter·
1542 3748 1543 3756 ἵ

328 3770 460 3852 pretam.
504 3787 571 3834 nuc
596 3775 718 3853 autam,
741 3769 826 3854 quod
850 3769 944 3835 initio
968 3771 1101 3835 lacunae
1126 3769 1235 3835 decem
1260 3770 1372 3853 spatia
1394 3788 1470 3832 com·
1542 3795 1543 3841 1

329 3874 443 3959 plexae
466 3875 573 3960 legere
597 3875 660 3940 sibi
687 3875 775 3939 visus
800 3880 849 3939 est
872 3875 1120 3958 Mommsenius,
1148 3879 1175 3940 si
1199 3880 1285 3940 recte
1309 3876 1401 3960 legit,
1423 3871 1470 3936 vix
1542 3897 1543 3906 ¹

328 3983 438 4064 potest
456 3980 520 4044 alio
539 3986 685 4063 spectare
700 4004 798 4065 quam
818 3981 858 4045 ad
880 3985 963 4047 lectu.
1005 3983 1075 4058 Quo
1099 3983 1154 4068 qui
1177 3982 1265 4047 velut
1284 3983 1334 4047 sic
1354 3985 1470 4045 utatur:

329 4103 439 4150 Lucra
454 4120 460 4134 ·
477 4108 598 4150 conor.
614 4106 758 4151 rouor‘ru
792 4088 842 4150 vel
873 4106 1158 4152 marru·crau1Tn
1196 4089 1246 4152 vel
1280 4111 1390 4153 aava·
1406 4107 1470 4152 rra·

327 4211 488 4277 ranorum,
522 4196 557 4257 ut
585 4193 649 4257 alia
677 4195 819 4277 mittam,
853 4197 933 4260 satis
961 4197 1107 4279 profecto
1135 4196 1241 4261 ieiune
1269 4201 1302 4260 et
1333 4196 1469 4280 cogitan-

329 4307 394 4365 tem
419 4304 452 4364 et
474 4301 659 4385 loquentem
682 4305 812 4384 poetam
836 4303 944 4387 faciat,
967 4305 1017 4368 cui
1039 4305 1156 4369 saltem
1178 4305 1293 4386 sarapta
1319 4325 1382 4388 pro
1402 4301 1471 4366 lecto

329 4407 497 4472 dicendum
517 4411 601 4492 erat,
623 4407 656 4472 id
677 4409 759 4498 quod
780 4411 884 4494 magis
905 4411 1002 4475 etiam
1022 4412 1055 4476 in
1079 4427 1188 4476 Lucra
1202 4445 1209 4460 ·
1225 4433 1286 4474 rr.
1301 4432 1363 4482 aar
1375 4445 1383 4459 ·
1397 4423 1471 4472 aaa·
