3008 5118
320 347 384 408 274
642 364 690 408 nn
713 362 910 410 arormmvs
934 361 1143 408 urrunnarrs

278 503 409 569 1¹brevi
436 504 540 568 vocali
568 525 637 567 esse
666 504 764 568 ctiam
793 510 945 569 statura
972 503 1211 569 substantivum
1240 501 1331 584 vulgo
1354 501 1428 582 credi,

319 611 451 674 tametsi
475 610 513 673 ad
538 596 609 673 eam
634 632 817 675 mensuram
841 611 1127 676 demonstrandam
1144 609 1358 673 Plautinomm
1377 609 1429 692 qui·

319 717 378 779 bus
401 715 469 779 fere
493 719 627 780 utuntur
651 739 799 781 versuum
831 719 879 781 vis
904 717 995 781 nulla
1017 721 1074 781 est.
1120 715 1190 780 Nec
1213 735 1293 798 nego
1316 715 1431 798 potuisse

319 824 449 906 corripi:
484 825 550 888 scio
574 829 686 888 contra
709 827 847 889 sensisse
871 823 1073 887 Priscianum
1097 822 1118 885 l.
1140 821 1198 905 IV,
1220 822 1276 885 ubi
1297 842 1432 884 enumera·

319 931 362 993 tis
387 930 557 995 brevitatis
582 931 736 1015 exemplis
756 932 802 994 sic
821 929 943 1014 pergit:
967 928 1137 1010 ‘excipitur
1161 931 1308 990 stamen
1329 933 1357 990 et
1376 933 1435 990 sta·
1496 997 1497 1000 Ἴ

319 1042 420 1121 tura,
458 1039 541 1122 quod
574 1044 641 1102 tam
674 1060 789 1102 nomen
828 1060 924 1120 quam
963 1035 1168 1119 participium
1204 1032 1281 1115 est’,
1315 1031 1435 1115 exemplo
1492 1066 1496 1079 ·

318 1148 427 1207 tamen
461 1145 560 1208 solius
589 1146 754 1228 participii
787 1144 942 1208 subiecto.
993 1142 1129 1217 Quicum
1167 1141 1365 1205 coniunctum
1392 1144 1437 1217 est,

320 1251 404 1333 quod
428 1251 512 1315 LIX
538 1254 644 1315 ‘steti
668 1251 756 1316 vero'
780 1252 887 1335 inquit
911 1250 1068 1314 ‘statum
1093 1249 1245 1329 supinum
1267 1245 1437 1330 paenultima
1488 1286 1494 1313 ι

319 1357 476 1438 producta
501 1356 596 1421 debet
618 1357 748 1421 facere':
779 1357 864 1446 quod
893 1358 920 1420 si
943 1377 1018 1420 rerc
1043 1354 1139 1433 dixit,
1171 1353 1257 1416 idem
1283 1352 1437 1434 necessario
1490 1336 1494 1404 s

318 1463 361 1526 ad
385 1467 513 1526 status
541 1465 750 1547 participium
779 1465 939 1547 pertinere
972 1484 1083 1527 omnes
1112 1461 1208 1526 hodie
1236 1460 1438 1543 intellegimus,
1486 1469 1495 1563 1

268 1584 275 1594 ·
321 1569 406 1652 quod
430 1569 558 1652 quidem
581 1570 636 1634 ille
661 1571 855 1654 adiectivum
879 1592 957 1634 sane
979 1571 1213 1651 interpretatus
1242 1571 1302 1633 est.
1342 1566 1438 1630 Verum
1488 1584 1494 1607 ¹

322 1680 370 1739 est
389 1681 497 1740 autem
517 1681 697 1762 utrumque,
720 1678 783 1740 nisi
802 1677 893 1740 miris
913 1676 1016 1739 modis
1035 1675 1074 1738 de
1088 1673 1203 1738 Lucilii
1223 1673 1309 1756 apud
1322 1672 1439 1737 Nonium

319 1806 350 1866 p.
370 1784 434 1848 226
459 1783 648 1847 testimonio
671 1783 818 1846 fallimur
841 1781 925 1864 quod
955 1786 1004 1845 est
1031 1781 1111 1845 tale:
1144 1780 1310 1844 ‘statura
1337 1779 1440 1864 generis

320 1889 476 1953 feminini.
522 1888 666 1953 Lucilius
690 1889 745 1953 lib.
764 1887 921 1952 XXVIII:
947 1910 1045 1971 quare
1068 1909 1126 1971 pro
1150 1887 1233 1950 facie
1258 1910 1317 1970 pro
1341 1891 1440 1950 statura

207 2047 211 2060 a
320 1994 437 2058 Accius
463 1994 588 2059 status?
635 1995 868 2058 Hexametrum
892 1995 977 2057 enim
1001 2015 1129 2056 versum
1153 1991 1256 2057 habes

477 2101 582 2176 Quare
606 2125 664 2185 pro
688 2102 783 2184 facie,
807 2121 864 2183 pro
890 2104 1015 2164 statura
1038 2098 1147 2164 Aooiu’
1171 2103 1313 2181 statue,

322 2230 384 2291 quo
409 2209 449 2271 ad
472 2208 649 2273 Accianum
679 2207 828 2273 vocabuli
852 2229 957 2290 usum,
990 2211 1027 2271 ut
1055 2206 1094 2270 ad
1119 2205 1184 2270 alia
1207 2206 1352 2271 Acciana
1376 2203 1443 2284 alibi

320 2315 462 2397 respexit
485 2315 641 2380 Lucilius:
675 2321 711 2379 ut
735 2315 773 2380 de
793 2315 978 2379 discrimine
1007 2318 1133 2378 status
1162 2319 1195 2378 et
1223 2318 1374 2378 statura
1396 2311 1442 2374 lor·

321 2443 445 2485 marum
470 2424 630 2506 quaesivit
654 2423 751 2486 etiam
775 2421 924 2486 Donatus
948 2422 982 2485 in
1000 2420 1151 2485 Eunuchi
1173 2419 1232 2504 ΙΙΙ,
1251 2421 1283 2504 5,
1302 2421 1352 2484 50.
1392 2415 1442 2480 aa
1488 2408 1493 2421 ¹

321 2527 416 2591 aliter
439 2529 586 2612 suspicor
610 2531 644 2594 0.
670 2528 847 2593 llibbeckio
879 2551 950 2592 meo
975 2529 1079 2592 visum
1104 2548 1173 2592 esse
1197 2529 1231 2591 in
1256 2527 1442 2612 Tragicorun

320 2633 377 2698 lat.
400 2636 490 2719 reliq.
514 2660 543 2719 p.
566 2637 637 2699 194.

409 2741 503 2806 Nunc
523 2746 641 2824 autem,
659 2747 832 2826 postquam
851 2743 888 2806 de
908 2743 1029 2827 duplici
1048 2740 1201 2826 prosodia
1221 2741 1317 2804 unius
1340 2745 1443 2804 status

320 2849 444 2912 formae
470 2846 552 2934 (sive
577 2871 614 2911 ca
637 2871 696 2931 pro
720 2849 893 2932 participio
919 2854 968 2912 est
991 2850 1059 2912 sive
1085 2869 1144 2932 pro
1168 2848 1373 2912 substantivo
1392 2865 1444 2928 par·

320 2955 471 3040 ticipiali)
500 2955 670 3037 explorata
698 2978 748 3018 res
777 2960 828 3019 est
855 2955 1058 3038 indidemque
1087 2955 1186 3018 etiam
1215 2952 1368 3020 Statius
1392 2970 1444 3014 esse
1496 3001 1497 3044 3

321 3061 438 3143 dictos,
462 3085 527 3125 non
552 3061 702 3127 Statius
726 3063 952 3144 perspicimus,
980 3062 1062 3126 nihil
1093 3061 1238 3146 profecto
1263 3081 1390 3125 caussae
1409 3077 1443 3119 rr-
1493 3072 1498 3095 ¹

321 3167 433 3229 lictum
458 3173 508 3230 est
530 3189 586 3231 cur
609 3169 705 3231 fidem
729 3169 774 3230 eis
798 3169 1019 3251 grammaticis
1039 3169 1232 3252 abrogemus
1253 3168 1310 3252 qui
1334 3170 1365 3231 et
1384 3169 1443 3228 sti·
1495 3178 1499 3207 ²

321 3273 390 3334 tim
423 3279 454 3336 et
485 3275 619 3337 statim
654 3296 722 3338 esse
754 3275 1000 3356 pronuntiatum
1033 3273 1243 3336 tradiderunt.
1295 3270 1381 3346 Quod
1408 3267 1443 3331 illi
1495 3304 1500 3315 ·

321 3378 436 3441 volunt
463 3380 521 3442 tali
553 3379 755 3463 significandi
784 3380 968 3444 discrimine
997 3381 1120 3444 factum
1151 3400 1221 3442 csse
1255 3379 1340 3462 quod
1369 3373 1443 3442 nobis

322 3486 418 3548 liceat
442 3485 633 3550 ‘standhaft'
658 3487 709 3550 vel
733 3508 792 3569 pro
817 3511 851 3552 re
875 3493 952 3552 nata
976 3485 1134 3550 ‘stebend’
1161 3489 1257 3568 atque
1282 3484 1443 3550 ‘stebendeu

321 3591 451 3656 Fusses'
474 3594 606 3659 vocibus
631 3595 769 3676 quadam
799 3598 891 3657 tenus
921 3594 1051 3658 imItari.
1098 3594 1142 3656 Et
1170 3592 1312 3674 primum
1339 3590 1443 3676 quiden

322 3698 489 3765 Charisius
518 3701 550 3764 ΙΙ
580 3726 609 3784 p.
632 3703 710 3764 195:
740 3700 897 3764 ‘statim
948 3701 1064 3764 Accius
1093 3699 1126 3762 in
1154 3697 1377 3764 Didascalicon
1399 3693 1444 3758 lh':

321 3809 495 3892 uectigalia
519 3809 666 3891 legerant
690 3811 797 3871 riestra
821 3813 853 3871 et
878 3812 1047 3871 seruantur
1065 3805 1189 3868 statim:
1212 3828 1272 3888 pro
1295 3803 1443 3869 statuteel

322 3914 490 3979 ordinate?
538 3915 584 3978 De
614 3937 676 3997 quo
706 3920 829 3978 certum
858 3917 907 3977 est
936 3914 1119 3996 opinionem
1146 3911 1303 3977 fefellisse
1327 3912 1361 3976 G.
1381 3909 1443 3972 Her·

322 4044 474 4085 mannum
500 4021 575 4084 diss,
600 4021 638 4083 dc
655 4022 738 4085 Attii
758 4021 886 4084 Didaso.
906 4022 969 4102 pl
996 4021 1041 4084 sio
1065 4020 1251 4084 dubitanter
1275 4020 1441 4084 scribentem

322 4128 632 4211 dispescentcmque:
657 4125 843 4210 ‘uectigalia
861 4126 871 4207 ll
889 4125 1052 4210 Legerant
1076 4129 1184 4188 uestra
1202 4127 1237 4189 a
1256 4123 1443 4190 seruabauuii

285 4233 435 4296 aestatim
460 4233 543 4298 ....'
569 4236 623 4317 qui
647 4255 706 4296 neo
729 4234 834 4297 bonus
858 4253 968 4295 versus
993 4237 1043 4296 est
1064 4255 1122 4296 nec
1143 4255 1213 4296 esse
1228 4232 1377 4296 Accianus
1398 4248 1442 4309 pu·

322 4343 400 4421 test,
430 4340 457 4401 si
486 4341 580 4405 inodo
610 4341 784 4424 productae
812 4339 845 4402 in
875 4340 1009 4403 statim
1040 4340 1186 4423 syllabae
1211 4339 1379 4422 exemplum
1401 4353 1441 4392 vu

322 4445 420 4509 luisse
445 4443 627 4509 (tharisiuru
655 4449 798 4530 proferre
827 4448 906 4510 satis
935 4447 1133 4530 reliquorum
1162 4446 1302 4511 conlatio
1330 4441 1438 4506 testium
