3008 5118
391 405 603 453 suouounus
627 403 763 452 soranus.
1086 385 1147 450 321

35 551 226 634 usurpabatur
248 548 361 614 solum.
402 547 521 614 Verius
553 553 622 614 erat
646 546 790 614 eisdem
822 545 992 628 templis:
1021 545 1150 610 suavius

34 657 120 721 llnnio
141 657 241 720 visum
264 655 392 720 isdem.
438 655 529 740 Ergo
553 655 615 721 hoc
638 655 767 720 Ennius
783 654 944 736 promusc-
974 652 1052 717 illud
1077 674 1151 716 eon-

34 771 105 827 stans
126 765 198 846 post
214 761 355 827 Ennium
378 763 559 827 consuetudo
581 763 764 844 impetrauit.
802 761 876 826 Non
896 763 1034 846 negatur
1053 759 1151 823 etiam

32 870 128 933 isdem
155 869 298 934 dativum
326 870 359 934 in
387 891 589 934 communem
618 868 883 934 consuetudinem
913 869 1043 934 abiisse:
1076 888 1151 930 nam

33 981 73 1039 aut
94 977 136 1040 sic
158 998 233 1040 sane
261 981 319 1040 aut
346 975 489 1040 eisdem
518 975 622 1040 dicere
650 975 720 1060 ipse
744 973 856 1040 Cicero
885 974 1053 1040 consuevit
1081 987 1197 1038 cumlx

31 1083 194 1167 aequalibus
218 1083 384 1148 omnibus:
407 1105 517 1148 verum
541 1083 602 1148 boc
626 1083 689 1146 iam
714 1083 756 1147 ab
775 1081 882 1146 Ennio
905 1081 1039 1167 probari
1062 1102 1152 1164 coep-

31 1197 83 1252 tum
104 1189 225 1276 dicitur,
248 1191 347 1256 idem
371 1213 525 1276 campus
550 1213 616 1256 non
639 1190 765 1256 dicitur.
806 1187 874 1254 Nec
898 1191 1005 1254 minus
1029 1188 1153 1254 meher-

30 1297 83 1360 cule
107 1297 208 1361 simile
236 1299 305 1362 veri
333 1303 382 1362 est
410 1299 507 1363 etiam
542 1299 575 1362 in
605 1297 778 1364 Annalium
807 1297 953 1362 versibus
985 1297 1055 1360 123.
1083 1295 1154 1359 127.

32 1403 80 1466 145
96 1403 280 1468 nitidissimi
300 1405 493 1488 exemplaris
507 1402 705 1468 Vahleniani
728 1403 845 1467 isdem
870 1425 930 1486 pro
953 1401 1054 1466 idem
1078 1421 1152 1464 eun·

28 1510 83 1572 lem
105 1509 258 1594 Ennium,
281 1531 378 1594 quam
401 1513 435 1576 in
459 1513 575 1576 ceteris
600 1515 728 1596 praeter
751 1509 1023 1594 Amphitruonem
1048 1529 1152 1573 exem·

28 1615 76 1696 plis
93 1615 239 1680 Plautum
264 1617 418 1700 posuisse.
456 1615 612 1683 Potuerat
632 1639 709 1682 sane
724 1615 845 1700 Cicero,
868 1617 894 1680 si
919 1616 1026 1696 vellet,
1049 1615 1154 1679 altero

28 1719 107 1785 Ennii
136 1724 326 1788 testimonio
359 1745 490 1808 prorsus
524 1725 643 1788 omisso
680 1723 821 1787 breviter
851 1723 896 1786 sic
930 1719 1154 1787 commentari:

29 1827 290 1914 u'sdeau(templis)
314 1832 561 1912 manuducimus,
590 1849 778 1912 quamquam
804 1831 909 1894 amisus
937 1833 981 1892 cst
1009 1829 1154 1892 eisdem:

27 1936 201 2015 irupctrutum
219 1943 266 2002 est
282 1959 302 2000 u
321 1939 535 2002 cmusueludu'ne
552 1943 587 2002 ul
599 1957 724 2020 peccare
742 1937 909 2000 audacitatis
923 1957 1031 2000 caussa
1047 1936 1153 1998 lucret.

27 2038 122 2105 llaluit
149 2043 196 2108 ita
226 2045 277 2108 uti
305 2045 382 2108 fecit
406 2044 589 2123 instituere,
621 2065 686 2108 non
714 2039 841 2106 tantum
866 2041 950 2126 quod
979 2041 1050 2126 ipsa
1074 2041 1154 2106 invi·

26 2152 98 2211 tante
120 2151 365 2234 opportunitate
389 2151 486 2215 facile
510 2150 660 2216 Enniano
683 2149 869 2214 Ennianum
898 2146 1081 2231 exemplum
1106 2171 1154 2210 so·

26 2254 106 2318 cieret
128 2256 309 2340 taliumque
331 2255 592 2322 testimoniorum
622 2256 777 2320 beneficio
806 2253 1013 2339 supersedere
1044 2259 1155 2338 posset

26 2379 136 2424 erasurum
164 2363 387 2446 appellatione
416 2385 436 2427 a
462 2361 621 2426 technicis
651 2363 797 2446 inventa,
829 2363 884 2426 sed
917 2361 1022 2445 magis
1056 2361 1154 2424 etiam

25 2477 175 2549 propterea
197 2467 287 2552 quod
310 2467 395 2532 haud
420 2468 529 2554 paullo
552 2468 711 2532 diversam
738 2469 804 2532 vim
827 2469 1011 2532 Ennianum
1036 2466 1154 2532 isdem

25 2577 104 2656 atque
126 2576 287 2639 usitatum
308 2573 472 2640 Ciceronis
494 2579 600 2640 aetate
623 2575 743 2642 isdem
766 2573 910 2655 haberet,
933 2579 1154 2658 comparatum

25 2681 134 2760 quidem
157 2703 228 2746 cum
254 2682 409 2748 eisdem.
452 2682 596 2748 Volebat
619 2703 696 2746 sane
721 2686 891 2766 utrumque
916 2703 974 2764 pro
998 2681 1156 2762 eisdem,

24 2805 89 2866 quae
111 2789 236 2871 plenior
260 2789 368 2854 forma
398 2793 431 2852 et
453 2789 619 2872 antiquior
646 2788 717 2852 fuit.
764 2786 825 2852 Sed
850 2809 869 2850 a
891 2784 1044 2851 Cicerone
1067 2787 1157 2850 iuxta

25 2913 82 2956 cum
102 2895 221 2960 isdem
245 2897 488 2980 frequentatum
513 2895 657 2959 eisdem
674 2893 862 2980 (utrumque
877 2893 963 2956 enim
983 2915 1055 2956 eum
1075 2892 1157 2977 opti-

25 2997 73 3061 mis
93 3000 182 3065 libris
207 3005 420 3066 monumenta
448 2999 690 3088 commendant)
719 2999 852 3064 insuave
880 3021 945 3064 non
972 2998 1048 3082 fuit,
1081 2999 1157 3084 quia

24 3104 111 3170 tribus
138 3108 276 3192 syllabis
305 3109 510 3174 efferebatur:
549 3113 662 3174 contra
693 3106 817 3172 duabus
851 3105 1011 3170 efferenda
1043 3105 1156 3170 eadem

25 3211 147 3278 eisdem
174 3215 285 3279 forma
313 3215 346 3279 in
370 3215 467 3280 Ennii
497 3215 686 3280 hexametro
713 3214 844 3298 fuisset,
876 3214 971 3298 idque
998 3211 1078 3278 illud
1107 3219 1157 3276 est

25 3318 92 3396 quod
118 3319 194 3384 huic
223 3320 430 3404 displicuisse
458 3323 623 3406 significat
656 3325 751 3406 atque
779 3320 864 3386 haud
895 3320 991 3385 dubie
1023 3321 1055 3386 in
1090 3322 1156 3386 suis

25 3427 204 3493 carminibus
240 3427 485 3511 improbaturus
518 3429 588 3511 ipse
622 3433 691 3492 erat
722 3433 758 3490 ut
788 3428 929 3510 opimius,
978 3425 1051 3492 Non
1083 3428 1156 3511 plus

26 3531 95 3594 euim
121 3534 222 3618 opimi
252 3535 288 3598 in
317 3533 490 3617 trisyllabo
519 3533 663 3598 eisdem
691 3537 741 3598 est
767 3554 862 3617 quam
892 3533 941 3598 vel
971 3534 1002 3597 in
1036 3533 1156 3598 eidem

26 3635 116 3704 dativo
139 3643 190 3706 vel
214 3642 250 3706 in
275 3641 467 3706 accusativis
491 3640 649 3704 eundem
673 3640 838 3706 eosdem:
867 3641 1003 3724 synizcsi
1028 3639 1156 3704 demum

26 3739 50 3804 in
75 3744 149 3811 duas
177 3748 323 3831 syllabas
353 3751 535 3812 coartatum
566 3746 710 3811 eisdem
737 3752 824 3812 recte
852 3746 970 3810 dicitur
998 3747 1156 3830 quendam

27 3853 225 3933 πλατειαεμὸν
254 3876 333 3938 prae
356 3877 390 3918 se
419 3854 510 3919 ferre.
556 3851 641 3918 Nam
664 3853 726 3918 buc
750 3855 887 3936 optinum
915 3853 1002 3916 valet
1025 3875 1083 3918 nec
1107 3853 1157 3918 vcl

23 3953 116 4040 clssmp
143 3961 195 4026 vel
219 3961 424 4043 sclawcrsdllc'p
451 3959 639 4024 vertendum
669 3965 718 4024 est
746 3981 818 4024 oum
849 3961 1093 4044 interpretibus:
1126 3965 1159 4026 et

27 4060 59 4122 ad
75 4067 232 4130 vocalium
257 4067 556 4151 pronuntiationem
576 4071 721 4151 spectare
739 4065 975 4142 Quinctiliunus
996 4068 1088 4133 docet
1102 4067 1158 4154 IX,

26 4165 50 4244 4,
65 4168 112 4253 36,
143 4173 199 4237 ubi
223 4173 265 4238 da
292 4173 391 4256 loupis
412 4193 470 4256 per
497 4193 529 4238 sc
555 4178 584 4238 ct
605 4173 686 4238 uelut
713 4173 823 4254 opimis
851 4172 977 4256 syllabis
1007 4175 1157 4262 loquitur.

28 4268 134 4340 Contra
152 4278 275 4344 isdem
296 4301 355 4364 pro
375 4281 474 4345 idem
494 4280 615 4344 dictum
635 4301 700 4345 non
716 4280 860 4362 opimum
875 4281 981 4364 potius
997 4289 1045 4348 est
1060 4309 1157 4370 quam
1186 4271 1191 4285 ’

28 4399 163 4460 asperum
191 4389 224 4448 et
250 4386 468 4452 duriusculum
496 4409 652 4451 concursu
682 4387 939 4453 consonantium:
971 4395 1007 4455 ut
1035 4393 1067 4458 iu
1096 4393 1158 4460 hoc

30 4487 161 4569 apprime
194 4492 291 4558 cadat
319 4493 403 4578 quod
432 4493 513 4558 dixit
541 4491 653 4558 Cicero
688 4495 766 4558 rruulc
796 4517 919 4580 sonore,
952 4499 1035 4582 quod
1065 4501 1091 4566 ai
1119 4502 1158 4566 ds

75 4609 112 4645 rr.
130 4613 278 4652 urracam
296 4615 431 4653 osvacvna
449 4617 487 4654 η.
911 4607 943 4656 21
