3108 5142
393 400 566 450 eoueoun
588 401 733 450 nassum
756 401 903 450 noanon.
1175 386 1215 450 31

93 541 152 606 nius
177 541 394 608 omittebatur.
440 543 621 610 Permirum
648 551 700 610 est
727 549 836 610 autem
860 545 902 610 ab
926 565 1035 610 eorum
1060 567 1143 630 quaa
1171 567 1218 610 se·

92 651 189 714 cuntm
209 649 309 733 plana
331 655 366 714 et
387 652 569 717 necessaria
592 653 752 718 sententia
769 657 897 718 tantum
916 653 1068 718 aberrare
1082 651 1219 718 Momm-

93 755 199 820 seninm
221 757 377 841 potuisse.
422 757 539 856 Lagina
568 761 619 824 est
646 757 732 844 quod
760 761 812 824 vix
842 762 951 844 potest
972 761 1053 826 vilae
1078 761 1219 844 scopato

90 863 141 928 dici
161 887 217 950 pro
239 865 373 948 scopulis
394 867 483 948 vitm,
506 866 561 930 ubi
586 865 715 952 quidem
739 867 917 950 generatim
939 867 1115 952 loquimur3
1146 887 1218 953 gra·

91 969 147 1034 vius
168 971 253 1055 qnod
276 995 391 1057 parum
414 973 581 1038 commode
605 973 702 1038 binae
724 973 904 1038 sententiae
928 979 1053 1058 coeunt,
1083 997 1219 1060 quarum

89 1076 176 1140 altera
198 1083 312 1161 portus
336 1078 366 1144 ei
389 1101 460 1144 esse
483 1082 617 1164 paratus
640 1079 773 1164 dicatur,
797 1101 893 1164 quem
911 1079 1015 1144 altera
1033 1082 1113 1148 mire
1132 1087 1220 1148 vetet

90 1183 161 1246 ritae
183 1185 352 1250 molestias
381 1186 432 1251 vel
459 1187 601 1270 pericula
630 1185 685 1271 (an
708 1187 809 1252 vitam
837 1191 950 1271 utpote
974 1187 1144 1254 molestam
1168 1189 1218 1254 vel

87 1289 322 1376 periculosami)
345 1293 444 1358 nimis
468 1294 627 1360 tenaciter
649 1294 811 1378 amplecti.
851 1294 955 1360 Immo
978 1295 1143 1360 contraria
1165 1297 1219 1360 de-

86 1418 160 1462 num
182 1399 383 1484 cogitatione
411 1399 551 1466 efficitur
579 1405 615 1465 ut
643 1423 740 1466 sanus
769 1399 849 1467 ordo
877 1401 1110 1466 sententiarum
1139 1403 1218 1468 invi·

85 1525 141 1568 cem
163 1505 223 1570 sibi
253 1507 431 1572 relatarum
460 1506 608 1592 prodeat:
640 1528 706 1572 non
736 1509 811 1572 sunt
838 1507 924 1573 ritae
953 1506 1094 1592 pericula
1122 1509 1219 1574 nimis

85 1611 319 1696 extimescenda,
342 1635 414 1678 cnm
439 1636 476 1680 ex
502 1613 549 1678 eis
574 1613 760 1700 emergendi
783 1617 872 1678 certa
895 1613 948 1678 ria
971 1619 1089 1698 pateat
1130 1615 1219 1702 Ergo

85 1723 152 1782 nota
181 1719 254 1804 illa,
286 1741 384 1804 quam
411 1719 644 1786 Mommsenius
682 1719 849 1786 dimidiam
882 1723 1009 1804 partem
1040 1739 1062 1786 u
1091 1721 1219 1788 litterae

84 1825 304 1909 interpretatus
328 1831 388 1910 est,
412 1845 434 1890 a
458 1825 586 1892 litterae
610 1827 719 1910 potius
743 1827 883 1912 vestigia
906 1832 1035 1893 servata
1059 1850 1129 1894 esse
1152 1851 1219 1896 cre-

83 1931 184 2016 dimus,
198 1939 232 1998 et
245 1933 384 1998 totidem
398 1935 465 1998 fere
482 1934 600 2000 litteris
615 1939 783 1999 exaratum
798 1933 898 1998 inissa
917 1951 962 1998 uu
973 1969 980 1982 ·
991 1953 1070 2012 Qvls
1081 1971 1087 1984 ·
1098 1955 1219 2002 umas:-

83 2055 234 2106 scoerros
248 2077 255 2090 ·
271 2057 437 2106 ruamur.
488 2041 634 2124 Scoplum
667 2043 753 2108 enim
785 2041 924 2108 sormam
953 2063 1087 2128 eamque
1115 2043 1218 2130 ipsam

84 2143 251 2213 inauditam
276 2171 333 2214 cur
355 2147 412 2214 ille
439 2148 598 2234 expetisse
624 2149 780 2233 videatur,
811 2153 918 2214 tacere
947 2171 1043 2235 quam
1066 2173 1219 2236 quaerere

84 2257 225 2334 praestat
256 2253 408 2320 Proximo
423 2277 519 2320 versu
533 2255 583 2320 vel
602 2279 622 2320 a
641 2255 819 2320 sententiae
839 2255 983 2320 exilitate
1002 2257 1219 2324 reiectancum

83 2363 125 2422 est
143 2361 170 2424 ci
191 2365 284 2442 ulpsae
306 2361 462 2450 omnibus,
494 2381 553 2424 nec
581 2361 794 2427 dubitandum
823 2362 901 2446 quin
931 2361 963 2426 in
992 2379 1073 2427 alac
1101 2364 1218 2429 litteris

83 2465 158 2530 uliud
171 2467 340 2551 quippiam
355 2467 466 2532 lateat
489 2463 520 2530 N
522 2487 564 2530 on
579 2487 694 2552 capere
713 2467 848 2532 lacunae
862 2467 1003 2532 ambitus
1017 2468 1078 2534 hoc
1092 2469 1220 2555 supple·

83 2577 214 2638 mentum
241 2573 382 2638 videtur:
413 2589 599 2640 Puacmr'o·
616 2591 774 2638 onuravs.
819 2571 934 2658 Itaque
963 2591 984 2638 u
1011 2573 1093 2638 illud
1120 2573 1218 2640 inter·

83 2683 237 2759 pretamnr
261 2697 297 2762 r,
321 2697 333 2744 1
356 2683 465 2746 autem
488 2697 524 2762 a,
552 2685 718 2764 postremo
741 2697 761 2744 c
786 2682 933 2764 (prorsus
957 2682 994 2744 ut
1013 2681 1076 2745 ab
1095 2681 1128 2746 in
1147 2681 1218 2764 ipso

82 2783 177 2870 lapide
198 2787 296 2854 hodic
325 2805 578 2854 ramsuvncsa
601 2785 721 2872 exstat)
745 2788 853 2870 potius
877 2803 914 2868 n,
942 2785 1021 2852 haec
1045 2789 1082 2852 ut
1104 2793 1219 2870 poetae

83 2913 185 2958 nanus
218 2894 275 2960 sit:
314 2912 768 2978 coaeva-uuaomrrnrs,
799 2893 852 2958 hic
885 2915 1013 2978 quoquc
1045 2891 1218 2958 Mommse-

83 2999 161 3066 niani
178 3002 397 3088 supplementi
417 3002 547 3070 modulo
566 2999 816 3088 diligentissime
835 3005 972 3066 servato.
1004 2999 1113 3086 Atoue
1135 3021 1219 3064 nunc

83 3105 198 3174 demum
217 3109 496 3194 elegantissimam
515 3109 791 3194 comparationem
810 3107 897 3172 nacti
912 3129 1037 3192 sumus,
1059 3107 1218 3192 quaesibi

84 3213 222 3299 ipseper
246 3215 395 3300 singulas
418 3221 528 3300 partes
551 3221 637 3282 recte
661 3219 797 3282 constet
836 3213 967 3280 Etenim
988 3215 1098 3296 salula's
1120 3217 1219 3280 exilias

85 3317 129 3382 ille
150 3343 216 3386 non
239 3324 368 3406 spectat
391 3319 431 3386 ad
454 3321 561 3386 locum
584 3321 619 3386 in
642 3341 738 3406 quem
762 3321 874 3404 exitur,
904 3319 960 3385 sed
987 3321 1071 3386 unde
1099 3322 1218 3406 exitur3

84 3445 133 3492 uec
160 3427 246 3493 enim
276 3428 439 3494 discessus
466 3428 506 3493 de
535 3429 603 3492 vita
634 3427 851 3512 significatur,
884 3449 994 3492 verum
1023 3429 1084 3492 iter
1113 3427 1218 3512 ingre-

85 3531 228 3600 dientium
251 3539 285 3600 et
303 3557 420 3602 navem
438 3533 633 3600 solventium
653 3535 760 3600 abitus
779 3557 799 3598 a
817 3537 905 3598 terra
921 3533 1218 3619 minitabundisque

86 3642 173 3705 marie
196 3641 339 3725 scopulis
362 3641 492 3708 obviam
516 3641 589 3707 itio:
613 3640 709 3726 plane
734 3644 771 3705 ut
793 3640 878 3724 apud
897 3639 1080 3706 Lucretium
1099 3641 1124 3724 l,
1142 3643 1219 3706 101:

85 3745 188 3813 &ias
222 3753 258 3812 at
288 3748 379 3814 claaei
402 3749 480 3828 felix
506 3748 688 3830 faustoque
718 3748 852 3812 duretur.
908 3745 979 3812 Hoc
1008 3746 1108 3832 igitur
1136 3746 1215 3812 dicit
1227 3761 1270 3802 xv

88 3859 185 3932 pocta:
208 3855 298 3920 nasci
322 3854 421 3920 latale
445 3859 504 3938 est,
526 3875 594 3920 non
617 3855 706 3920 nasci
730 3853 764 3918 in
785 3853 904 3918 nullius
923 3857 1086 3937 potestate
1105 3853 1218 3936 situm3

87 3958 133 4022 sed
161 3961 240 4028 illud
268 3962 302 4026 in
330 3961 432 4026 libera
461 3961 724 4044 uniuscuiusque,
756 3961 788 4026 id
817 3961 871 4044 qui
895 3961 1024 4042 llupilcl,
1056 3965 1218 4046 potestate

89 4069 225 4150 positum,
239 4073 313 4153 post
331 4089 397 4134 non
415 4067 633 4132 voluntarium
654 4073 784 4152 partum
803 4088 930 4131 rursum
948 4067 1087 4132 denasci.
1110 4067 1218 4132 Simil-

89 4169 188 4240 limum
215 4197 278 4242 non
305 4197 372 4242 uno
400 4175 531 4240 nomine
561 4173 725 4240 Ciceronis
753 4173 999 4259 apophthegma
1025 4175 1150 4240 alibro
1179 4175 1218 4240 de

90 4280 292 4348 consolatione
315 4285 542 4367 expromptum
566 4303 585 4346 a
605 4279 774 4346 Lactantio
798 4279 870 4346 Div.
885 4281 963 4348 lnst.
982 4281 1041 4364 ΙΙΙ,
1058 4281 1097 4346 19
1119 4279 1217 4362 '5142

94 4383 153 4450 Nou
169 4391 252 4453 auxi
269 4389 356 4472 lcnpc
376 4391 534 4472 optilam,
556 4409 609 4454 acc
632 4389 667 4452 in
684 4387 739 4452 hos
760 4387 931 4469 scopulos
956 4389 1085 4452 incidere
1103 4389 1217 4464 vilae;

91 4495 249 4568 proximum
270 4502 386 4576 aumas,
408 4499 436 4562 ai
459 4501 552 4562 nulus
574 4498 631 4578 sie,
655 4517 749 4577 qucum
769 4497 907 4578 prinlum
931 4501 1089 4576 lanionum
1112 4515 1148 4559 cx
1172 4495 1217 4556 iu-
