3008 5118
561 1234 657 1318 XII.

223 1407 278 1490 De
305 1407 427 1491 titulo
455 1407 620 1490 metrico
647 1405 995 1498 Lambaesitauo.*)

123 1782 312 1870 Numquam
336 1783 452 1849 melius
475 1805 510 1849 se
531 1783 657 1871 poetari
676 1805 774 1871 quam
792 1783 973 1868 podagrum
993 1783 1021 1847 si
1036 1781 1227 1850 Rudinusm

47 1895 124 1956 nates
146 1891 198 1956 vel
225 1889 360 1977 gloriari
384 1883 434 1957 nel
454 1890 553 1957 iocari
572 1892 688 1978 potuit,
712 1889 878 1956 fatendum
898 1894 948 1954 est
966 1889 1053 1955 haud
1071 1891 1183 1974 paullo

46 1997 289 2063 incommodiore
307 1997 496 2064 condicione
514 1997 720 2083 philologum
740 1997 788 2062 uti
807 1998 976 2064 mouciaco
995 1999 1184 2064 torditudine

46 2104 232 2169 alibrorum
261 2103 351 2169 aditu
379 2108 412 2169 et
438 2107 604 2188 tamquam
630 2109 810 2170 commeatu
837 2105 1001 2170 litteratae
1029 2103 1183 2190 supellee-

46 2211 104 2275 tilis
132 2211 356 2276 interclusum.
406 2209 494 2301 Beue
524 2211 647 2276 factum
676 2211 791 2296 igitur,
825 2209 909 2296 quod
936 2216 1004 2276 tam
1035 2211 1183 2296 ingratae

45 2321 164 2404 tamque
195 2319 289 2404 inopi
318 2318 491 2384 stabilitati
517 2339 603 2383 nuuc
631 2319 739 2401 ipsum
763 2317 886 2404 aliquid
910 2321 942 2382 et
965 2317 1183 2382 motiunculae

46 2429 72 2488 et
92 2425 238 2492 alimenti
262 2425 461 2490 extrinsecus
486 2426 628 2509 affertur,
652 2425 734 2490 unda
755 2447 829 2510 spes
854 2423 988 2489 citiore
1011 2427 1048 2488 ut
1069 2443 1183 2508 prooe-

46 2531 157 2598 miandi
189 2554 265 2598 oum
298 2531 442 2598 officium
474 2535 544 2596 tum
574 2532 772 2599 consuetudo
805 2530 922 2597 saltem
953 2553 1020 2596 non
1051 2551 1184 2616 prorsus

46 2635 242 2706 destituatur.
286 2638 534 2704 'l'ranemittitur
556 2639 641 2704 anim
666 2639 707 2703 ab
732 2638 845 2721 amico,
867 2659 1005 2722 quocum
1028 2637 1094 2701 iam
1118 2658 1184 2702 non

46 2743 112 2810 licet
134 2751 170 2810 ut
193 2746 275 2811 olim
298 2767 407 2812 coram
431 2749 694 2828 (υμφιλολογεῑν,
726 2744 789 2809 sibi
813 2743 919 2809 Roma
945 2743 1184 2826 transmissum,

48 2857 76 2914 ut
102 2853 181 2919 mihi
220 2851 381 2936 redderet,
417 2851 712 2916 Hennenianum
749 2851 901 2917 volumen
937 2850 1183 2935 inscriptionum

46 2957 223 3043 latinarum,
247 2977 311 3044 quo
326 2957 527 3024 Orellianam
546 2957 709 3044 syllogam
730 2956 906 3023 utilissimo
924 2957 1070 3041 consilio,
1091 2980 1182 3044 prae·

48 3063 124 3130 clara
145 3063 317 3150 diligentia
336 3061 558 3150 singularique
577 3063 725 3130 doctrina
743 3063 891 3148 supplere
911 3063 1080 3130 emendare
1099 3065 1183 3130 locu-

48 3169 157 3252 pletare
182 3170 335 3236 instituit
377 3169 612 3255 Acceptiesimo
636 3171 763 3236 muneri
787 3171 915 3236 litterae
940 3172 1095 3238 accedunt
1116 3174 1181 3257 ple·

48 3297 98 3341 nae
127 3283 163 3344 ut
195 3278 304 3344 solent
337 3277 522 3343 suavitatis:
555 3278 672 3362 quibus
705 3277 825 3342 amicus
858 3279 968 3342 monet
999 3281 1181 3345 accuratius

48 3383 166 3451 titulum
199 3385 359 3471 quendam
391 3385 663 3452 Lambaesensem
700 3384 869 3469 inspiciam
901 3384 935 3450 in
966 3385 1089 3470 pagiua
1119 3387 1181 3452 144
1313 3409 1331 3424 ’

49 3493 187 3578 positum,
210 3493 245 3556 in
269 3513 333 3577 quo
356 3491 410 3556 vix
430 3491 528 3557 dubia
548 3491 610 3556 sibi
630 3513 787 3576 apparere
806 3490 901 3556 metri
917 3487 1060 3557 Saturnii
1084 3495 1182 3558 vesti-

49 3596 101 3680 gia
129 3597 257 3684 Negare
280 3597 314 3663 id
337 3597 466 3682 quidem
491 3598 591 3664 alium
615 3598 754 3663 amicum
776 3597 811 3662 in
830 3597 992 3663 communi
1016 3599 1084 3663 sive
1104 3597 1181 3682 Scy·

50 3701 166 3770 tharam
190 3705 256 3769 sive
281 3703 503 3770 Sarmatarum
532 3705 664 3790 regione
687 3726 796 3770 secum
821 3703 1005 3789 degentem,
1027 3724 1122 3786 quam
1146 3705 1181 3770 in

50 3807 93 3872 his
114 3811 230 3878 litteris
253 3831 390 3896 regnare
414 3833 527 3876 omnes
555 3811 774 3877 consentiunt:
806 3831 865 3875 nee
892 3813 1002 3874 tamen
1031 3831 1123 3874 suam
1147 3833 1181 3876 se

51 3918 248 4002 suspitionem
273 3917 367 3984 facile
390 3917 524 3982 missam
548 3917 663 3983 facere.
708 3916 811 3981 Addit
833 3914 1026 4000 permissum
1050 3913 1113 3980 sibi
1139 3916 1180 3980 ab

52 4021 215 4092 Henneno
246 4029 296 4110 ut,
328 4025 357 4090 ei
390 4025 501 4110 vellet,
533 4023 628 4090 illum
660 4025 791 4090 titulum
827 4021 1000 4088 voluminis
1037 4021 1179 4088 nondum

53 4183 246 4198 ’ή--ι-ιι

129 4291 153 4358 *)
172 4290 359 4363 [Prooemium
378 4289 480 4345 Indicis
499 4289 658 4346 scholarum
677 4287 847 4344 aestivarum
870 4283 936 4340 anni
955 4281 1178 4354 0101scccuv;

54 4371 141 4432 iterum
152 4378 179 4434 in
193 4380 336 4450 publicum
351 4379 481 4436 emissum
496 4379 525 4434 iu
537 4378 758 4435 ‘Prooemiorum
769 4373 955 4432 &nuendum
969 4375 1086 4432 decade‘
1102 4395 1128 4430 u.
1139 4374 1177 4430 lll

56 4477 109 4517 cum
125 4469 241 4526 anctarm
260 4467 290 4524 in
308 4467 490 4542 praefatione.
527 4467 556 4526 C.
572 4469 629 4540 W.]
