2972 5120
412 414 696 462 svnensuannvrr
720 417 751 462 v.
1082 398 1147 463 569

28 554 578 634 T·QVINCTIVS·Q·F·L·TVLLI
592 557 772 638 [·L·F·L·]
786 555 1146 624 esemel-osma·

68 679 156 744 MAG
165 715 172 728 ·
181 679 240 744 DE
251 715 258 730 ·
268 679 443 746 DVOBVS
453 715 460 730 ·
472 679 629 746 PAGEIS
641 679 1094 748 ·ET·VIOE1·SVLP10E1

26 821 65 884 Ne
86 821 150 905 quis
173 825 280 887 autem
303 822 439 888 miretur
466 824 500 888 in
524 824 689 908 superiore
713 847 787 888 arae
810 829 917 909 parte,
944 847 1025 910 quae
1048 845 1147 911 angu-

26 928 93 992 stior
113 931 160 993 est
181 928 343 1010 inferiore,
366 929 547 1014 longiorem
571 949 759 1014 essequam
782 929 816 994 in
837 929 989 996 inferiore
1012 931 1148 1014 inscrip-

25 1036 141 1118 tionem,
168 1035 332 1100 sciendum
356 1039 407 1100 est
429 1035 464 1100 in
488 1036 651 1120 superiore
680 1035 809 1120 quidem
833 1033 1016 1102 CAH-L·
1045 1039 1077 1101 et
1104 1037 1147 1102 T·

25 1139 240 1216 vacmvs
267 1140 401 1206 nomina
427 1141 517 1207 nullo
546 1142 723 1232 interstitio
748 1143 943 1227 continuari,
973 1147 1086 1208 contra
1113 1145 1148 1208 in

24 1247 155 1312 inferiore
174 1247 342 1333 aliquanto
362 1247 519 1331 ampliore
539 1247 668 1331 aliquod
687 1249 772 1314 inter
787 1247 983 1314 svbrlcsl
1003 1256 1036 1316 et
1054 1249 1148 1316 MAG
1269 1307 1272 1314 .

23 1355 208 1418 intervallum
231 1355 440 1420 interiectum
463 1375 543 1420 csse.
580 1353 725 1432 Quocum
744 1378 876 1440 prorsus
896 1358 1046 1421 convenit
1064 1358 1148 1443 quod

23 1464 82 1543 post
104 1459 268 1528 cam-L
291 1461 531 1546 interpunctum
555 1466 619 1546 est,
642 1483 708 1527 non
732 1467 782 1527 cst
804 1465 879 1548 post
902 1461 1109 1530 SVLPIOEI.

94 1817 158 1882 Sub
185 1819 222 1883 E
250 1841 348 1903 quam
380 1841 498 1883 novam
530 1821 719 1882 tesseram
751 1817 1041 1904 gladiatoriam,
1073 1821 1148 1885 anni

20 1925 131 2006 quidem
153 1925 231 2004 697,
262 1925 393 1990 exhibui
421 1929 536 2010 ectypo
565 1929 700 1990 stanneo
728 1947 805 1990 usus
832 1925 874 1990 ab
897 1925 1050 1992 Henzeno
1078 1949 1148 2012 per·

19 2031 104 2095 amice
125 2037 162 2097 nt
185 2033 274 2098 solet
296 2033 412 2116 misso,
439 2033 551 2096 eadem
580 2036 629 2096 cst
656 2055 751 2117 quam
780 2031 988 2097 eGarruccii
1013 2033 1149 2098 ‘Disser-

19 2137 180 2202 tationibus
215 2137 490 2224 arcbaeologicis'
522 2141 695 2224 repetitam
732 2139 845 2222 paucis
877 2162 979 2224 nuper
1011 2141 1149 2206 tractavi

18 2241 106 2309 Musei
127 2245 279 2312 Rhenani
302 2251 325 2311 t
344 2244 421 2310 XIX
445 2269 474 2330 p.
493 2247 558 2309 459
574 2268 643 2330 sqq.
666 2245 739 2311 coll.
763 2270 792 2330 p.
811 2247 877 2310 480
901 2247 1001 2328 [infra
1023 2269 1054 2312 n.
1072 2246 1149 2312 xlx

17 2347 45 2410 in
65 2351 144 2432 fine].
191 2352 261 2418 Vbi
289 2373 361 2417 cum
385 2352 575 2417 dubitabam
601 2375 692 2436 num,
725 2353 810 2438 quod
839 2353 1031 2420 Garruccius
1059 2355 1149 2438 xylo-

17 2457 159 2540 grapbum
183 2459 369 2544 exemplum
392 2461 575 2546 proposuit,
598 2460 695 2526 fidem
719 2462 799 2526 satis
823 2465 981 2545 servaret,
1003 2483 1069 2526 non
1091 2461 1149 2526 im·

17 2563 116 2628 merito
138 2587 191 2630 me
215 2565 383 2630 dubitasse
401 2565 646 2652 lithographum
664 2588 748 2631 nunc
768 2571 916 2632 nostrum
935 2568 1041 2651 docet,
1064 2567 1149 2652 quod

17 2679 56 2732 est
74 2671 152 2736 tale:

383 2853 744 2954 secururs

369 3117 746 3227 erasum<-u-uri

325 3271 740 3388 offeni-omas

16 3499 241 3572 Gravissimum
266 3511 316 3570 est
340 3511 461 3592 antem,
484 3508 569 3592 quod
593 3507 778 3592 perforandi
802 3507 931 3572 modum
957 3507 1149 3573 Garruccius

15 3612 143 3692 prodidit
165 3613 300 3679 veritati
320 3615 451 3679 omnino
471 3615 680 3679 eontrarium:
704 3613 789 3698 quod
808 3613 894 3676 cuim
913 3613 970 3676 ille
990 3613 1149 3678 arbitratu

15 3737 63 3780 suo
93 3717 241 3785 foramen
274 3720 368 3785 finxit
400 3721 433 3784 in
466 3721 572 3803 primo
603 3720 763 3804 tertioque
796 3723 936 3784 tesserae
969 3719 1084 3804 latere,
1116 3720 1149 3784 id
1163 3743 1220 3784 mv

15 3825 149 3902 quamvis
182 3827 288 3892 fracto
317 3826 487 3891 manubrio
515 3826 704 3910 planissime
733 3830 870 3912 apparet
901 3825 942 3889 ab
972 3826 1075 3890 altero
1109 3825 1150 3890 ad

15 3937 155 4010 quartum
174 3931 383 4016 pertinuisse,
406 3954 538 4016 prorsus
558 3933 590 3996 id
609 3933 835 3999 convenienter
854 3933 883 3996 ei
902 3954 1033 3997 normae
1053 3955 1149 4018 quam

15 4055 68 4100 uno
85 4039 225 4104 fortasse
246 4039 393 4124 exemplo
408 4043 543 4122 excepto
559 4039 735 4125 antiquitas
751 4043 938 4105 constanter
954 4039 1150 4105 observavit.

16 4137 95 4215 Quod
114 4167 212 4229 quam
234 4145 300 4210 rim
318 4145 440 4209 babeat
463 4149 497 4210 et
515 4168 611 4230 qnam
631 4145 805 4230 rationem,
828 4168 900 4210 cum
922 4145 1001 4210 alibi
1021 4145 1150 4210 uberius

15 4245 167 4332 disputavi
190 4256 259 4316 tum
282 4251 303 4314 1.
326 4273 351 4314 s.
375 4273 399 4315 s.
424 4273 454 4334 p.
473 4253 535 4314 461
562 4251 750 4336 significari.

94 4389 242 4458 Ceterum
267 4415 367 4478 quam
391 4392 582 4458 Garrnocius
607 4392 726 4456 ibidem
751 4395 887 4458 alteram
912 4399 1069 4459 tesseram
1092 4419 1150 4480 pu·

15 4490 194 4582 blicaverat,
216 4505 417 4584 spectantem
441 4521 511 4566 eam
535 4499 574 4565 ad
598 4522 717 4564 annum
744 4501 819 4564 7545:
