3008 5118
299 293 363 356 250
517 309 768 355 sunnonoernn
794 310 946 356 nnrrnnn
972 310 1232 358 cononnnnrvn.

298 451 521 536 participium,
549 475 612 536 quo
636 474 769 536 prorsus
794 475 874 537 opus
903 457 952 517 est
980 453 1019 518 ad
1048 454 1252 519 construendi
1275 453 1424 517 rationem.

298 559 382 624 Vide
406 559 506 644 igitur
529 582 606 624 num
631 560 816 644 prohabiles
841 560 988 626 versiculi
1012 561 1058 626 sic
1083 560 1251 646 prodeant:

300 685 477 750 Abstulit
500 707 575 750 nna
599 686 679 750 dies
704 682 910 772 animn(m)‚
934 708 1151 773 corpusque
1176 687 1331 753 simitnr

299 793 407 859 Arsit
431 798 468 858 et
490 793 528 857 in
550 792 700 859 cineres
718 793 821 859 iacet
839 793 901 858 hie
922 815 1069 858 uersum
1089 795 1211 879 adque
1230 793 1429 878 fauillalut

300 901 522 985 Supremnm
547 922 680 963 munus
705 897 847 965 misero
871 922 1035 984 posuere
1060 901 1231 966 sodales:

300 1026 416 1110 quibus
445 1026 551 1089 verbis
581 1024 666 1109 quod
696 1030 788 1090 extra
817 1047 945 1090 versum
973 1024 1259 1091 FORTVNESES
1294 1027 1430 1091 subicitur

299 1155 362 1197 unu
387 1137 548 1196 structura
572 1131 785 1215 grammatico
809 1131 1033 1196 continuatum
1056 1133 1286 1216 superioribus,
1308 1132 1430 1216 pertinet

299 1239 332 1303 id
357 1239 396 1302 nd
420 1238 500 1303 illud
525 1260 627 1322 genus
648 1239 732 1322 quod
752 1238 918 1324 tetigimus
938 1261 1052 1305 eomm.
1072 1239 1111 1304 de
1130 1239 1185 1305 tit'
1199 1240 1333 1304 hlnmm.
1351 1264 1377 1323 p.
1394 1239 1429 1302 lll
1485 1261 1486 1264 ¹

301 1349 414 1428 [supra
433 1369 462 1429 p.
478 1347 520 1410 85
536 1348 605 1429 sq.].
636 1345 785 1410 Ceterum
811 1346 966 1410 simitur
990 1347 1096 1411 formo
1119 1347 1176 1412 illa
1199 1370 1265 1412 non
1283 1347 1429 1411 immerito

300 1456 471 1536 quaeretur
498 1475 575 1516 num
603 1454 688 1518 torte
718 1476 758 1517 ne
783 1453 937 1518 ePlauto
966 1453 1096 1538 quidem
1121 1457 1227 1519 alieno.
1252 1455 1305 1519 sit.
1347 1453 1427 1518 (liius
1485 1437 1486 1440 ¹

299 1564 415 1644 poetae
444 1583 526 1624 unns
553 1559 758 1644 potissimum
793 1582 903 1624 versus
933 1565 997 1644 est,
1030 1562 1085 1645 qui
1112 1562 1170 1626 illa
1202 1567 1334 1646 recepta
1361 1559 1428 1624 haul

302 1665 455 1730 mediocri
475 1667 654 1731 offensione
673 1667 837 1731 liberetur.
869 1667 1000 1733 Etenim
1015 1667 1236 1734 Mostellariee
1256 1693 1285 1734 v.
1302 1670 1361 1734 792
1374 1689 1429 1731 cun
1486 1666 1487 1743 l

244 1795 291 1834 nn
302 1797 359 1858 pro
389 1796 426 1838 eo
456 1774 541 1858 quod
569 1772 721 1837 eVetere
745 1773 867 1837 editum
891 1779 940 1837 cst
965 1775 1096 1838 labante
1123 1781 1226 1840 metro
1250 1777 1345 1842 sireni
1364 1774 1431 1837 lirrrrl

294 1882 398 1963 potui,
436 1879 687 1943 Ambrosianum
721 1902 866 1944 servasse
903 1883 1009 1946 sirru'ln
1040 1881 1103 1946 hun
1129 1884 1220 1964 potui
1259 1883 1311 1947 vir
1342 1879 1427 1945 dubii.-
1486 1896 1487 1945 t

302 1986 448 2070 vestigiis
478 1986 698 2070 intellegatur,
731 1991 840 2050 temen
869 1987 939 2051 sani
967 1987 1042 2052 hino
1069 1988 1234 2053 bacchiaoi
1269 1989 1350 2053 effici
1379 2009 1426 2050 non
1486 1978 1487 2035 Ϊ

301 2097 476 2178 potuerunt
503 2092 566 2156 nisi
596 2093 700 2159 forme
727 2094 856 2158 invectu
884 2094 1097 2160 dubitationis
1125 2096 1317 2180 plenissimo
1339 2093 1427 2178 pretini.
1486 2100 1487 2175 ζ

304 2201 374 2276 Qun
397 2200 491 2265 ibcile
515 2223 597 2265 nunc
621 2201 666 2264 sio
690 2201 884 2265 carebimus:

1485 2270 1486 2310 l

435 2327 515 2410 Ego
540 2324 601 2389 hic
626 2347 710 2389 esse
734 2329 771 2389 ct
793 2325 876 2390 illic
901 2323 1056 2390 simitur
1079 2326 1151 2391 heu
1176 2328 1305 2410 potui,

302 2451 431 2536 quando
463 2450 545 2515 nihil
579 2473 711 2515 sarissas
744 2454 794 2514 cst
826 2474 882 2515 cnr
918 2475 975 2536 pro
1011 2451 1101 2515 brevi
1133 2449 1294 2516 habeatur
1325 2450 1425 2515 ultime
1485 2493 1488 2572 p

301 2559 414 2642 ltaque
439 2559 537 2622 etiam
567 2556 815 2640 Amphitruonis
840 2557 888 2640 ll,
915 2560 930 2621 l
962 2581 989 2622 v.
1014 2559 1056 2622 84
1080 2557 1113 2621 in
1142 2563 1298 2643 promptu
1326 2561 1370 2623 est
1392 2556 1425 2617 sic
1482 2592 1486 2627 .

302 2667 469 2731 consulere
494 2666 688 2751 elegantiae:

347 2791 431 2856 Non
455 2812 523 2875 ego
548 2813 629 2855 cum
654 2791 742 2854 uino
767 2789 922 2854 simitur
946 2789 1052 2853 ebibi
1076 2789 1281 2872 imperium
1306 2793 1405 2866 tunm,

302 2916 495 2981 necessitate
519 2915 648 2999 quidem
672 2915 773 2997 nulla,
798 2937 905 2978 verum
931 2935 988 2997 per·
1012 2918 1121 2978 temen
1145 2915 1321 2980 commode.

393 3199 422 3252 Ι).
439 3199 487 3251 Vll
509 3198 605 3266 {supro
624 3216 650 3267 p.
671 3198 735 3267 ms]
755 3196 784 3250 in
803 3196 886 3251 titulo
906 3197 936 3250 T.
957 3195 1095 3251 Postumii
1114 3197 1252 3265 opertos
1272 3213 1375 3252 munes
1390 3208 1422 3244 ne·

304 3289 406 3342 minem
427 3287 517 3356 fugiet
537 3305 585 3340 nos
606 3305 653 3340 eos
673 3287 871 3356 interpretatos
891 3303 963 3350 esse,
991 3285 1037 3353 qui
1057 3285 1178 3355 neglecti
1202 3289 1232 3341 ot
1250 3287 1374 3342 honorum
1390 3297 1421 3332 ex·

303 3380 396 3449 pcrtes
417 3395 471 3430 non
491 3379 581 3430 essent
600 3378 742 3444 brmquum
763 3378 860 3444 opertu
880 3375 907 3428 in
927 3375 989 3428 luco
1009 3374 1106 3445 positi,
1131 3375 1179 3429 sed
1203 3374 1346 3431 oblivionis
1366 3373 1420 3422 une·

306 3468 361 3521 bris
380 3466 481 3520 obruti.
520 3466 621 3518 Verum
641 3484 703 3519 oum
723 3465 797 3535 apud
818 3465 924 3519 Livium
945 3465 1042 3533 XXXI,
1057 3471 1091 3518 30
1110 3464 1139 3518 in
1157 3464 1284 3519 oratione
1298 3459 1420 3517 Athenien·
1485 3455 1486 3488 ³

305 3557 375 3611 sium
395 3556 445 3610 illu
463 3555 545 3624 plenn
564 3554 681 3608 allectus
705 3555 775 3609 haee
794 3555 936 3623 legantur:
965 3554 1056 3608 onmia
1079 3555 1205 3622 sepulcro
1227 3554 1420 3614 mortomar&

305 3649 401 3700 diruto
419 3662 472 3700 esse
492 3645 521 3697 in
535 3644 637 3710 tinibus
651 3645 717 3712 suis,
736 3646 856 3697 iriensium
877 3645 1020 3696 rrurlotos
1039 3659 1161 3708 rennos,
1180 3643 1285 3696 nullius
1297 3657 1352 3695 osso
1366 3642 1419 3688 uni

305 3737 370 3804 topi,
399 3733 447 3788 ubi
470 3735 588 3788 rrurlutos
610 3751 702 3786 errones
725 3734 842 3803 uppuret
866 3731 907 3785 itu
931 3730 986 3784 diei
1010 3733 1041 3786 ut
1068 3731 1102 3785 de
1127 3730 1255 3785 manibus
1282 3729 1417 3784 suenorum

305 3825 332 3880 lr.
352 3843 374 3879 o.
400 3824 608 3878 inlmrnatorurn
632 3813 877 3891 cogitetur,'nihil
900 3818 1035 3889 impedire
1059 3819 1170 3874 videtur
1192 3819 1335 3888 quominus
1354 3809 1418 3882 operit

306 3930 396 3967 nrorres
415 3913 444 3966 in
462 3914 534 3965 huno
552 3915 661 3980 purtem
682 3910 864 3979 accipientur,
883 3913 915 3963 nt
933 3908 988 3963 sint
1007 3911 1166 3978 opertorum
1185 3909 1212 3962 h.
1228 3927 1250 3962 e.
1269 3911 1337 3962 terre
1353 3903 1417 3954 tecto·

306 4021 365 4054 uun
386 4003 599 4071 sepulturaeque
618 4002 679 4054 inre
698 4002 840 4054 unctorum
862 4017 965 4054 munes.
1000 3999 1089 4062 Quam
1108 3997 1250 4053 notionem
1268 3996 1313 4050 ubi
1325 3995 1417 4047 tuemur.

305 4090 433 4159 graviore
457 4091 568 4157 quidem
593 4089 747 4144 mutatione
771 4088 846 4142 omni
865 4086 1005 4142 obstinere
1029 4086 1139 4154 licebit,
1164 4087 1234 4142 haee
1258 4088 1288 4140 nt
1308 4072 1417 4137 senentis

306 4181 406 4246 postue
430 4178 525 4232 luerit:
555 4179 607 4234 rite
631 4181 802 4250 sepultorum
824 4197 918 4233 munos
942 4179 970 4233 vi
994 4181 1023 4233 et
1041 4178 1182 4246 potestate
1205 4176 1298 4232 divine
1318 4168 1362 4226 nui
1381 4178 1414 4234 {tf

307 4285 387 4322 omne
406 4285 504 4322 aevum
523 4269 667 4322 dirrutum:

804 4374 946 4426 nonique
966 4355 1095 4424 opertis
1115 4354 1267 4410 manibus

538 4445 663 4500 Diuino
683 4447 732 4502 nis
752 4449 803 4501 cst
822 4445 995 4503 scrittorni
1014 4443 1192 4514 temporis:
