2984 5122
151 397 286 446 rarsmn
308 397 538 448 nurmrrurrs
561 343 819 447 arianismum
844 397 960 446 svera.
983 397 1004 446 1.
1082 379 1148 446 495

39 547 79 606 lus
99 545 141 606 est
160 543 211 606 ille
233 543 267 609 in
290 543 364 608 basi
386 563 507 629 magna
528 543 636 628 lapide
660 541 790 609 Albano
813 542 909 628 facta,
932 565 1013 627 quac
1033 542 1148 607 subtus

37 648 189 714 iumodnm
206 647 347 716 fornacis
366 654 522 715 excavata
541 653 606 714 est:
629 650 713 714 unde
732 649 935 735 intellegitur
953 649 1017 714 foci
1035 649 1147 714 usibus

36 755 176 839 ineliqua
205 777 263 820 ara
295 777 387 822 sacra
420 778 492 822 eam
523 757 718 822 inserviisse.
769 756 887 823 Tribus
920 762 1028 822 autem
1061 756 1147 820 saxis

35 866 138 926 mactat
157 863 194 928 ad
215 862 278 928 boc
300 863 485 948 exemplum
508 863 642 930 iunctis:

165 984 382 1052 l·I·XXVl
458 985 710 1054 flnsscotnl

504 1093 725 1160 SAOROM

457 1200 796 1268 nullium-ou

450 1307 795 1374 DlonATOR·v0v
829 1309 877 1373 I'P

99 1502 155 1567 Hic
176 1503 279 1588 igitur
301 1503 415 1567 titulus
439 1525 456 1568 e
480 1527 544 1588 qua
566 1505 633 1569 fere
656 1509 765 1570 aetate
787 1505 979 1589 repetendus
1008 1505 1066 1588 sit,
1095 1508 1217 1570 sat1v·

30 1609 104 1671 certis
129 1609 254 1674 indiciis
282 1610 484 1694 perspicitur.
534 1609 604 1676 Nec
634 1613 721 1678 enim
752 1614 880 1701 taptum
908 1633 993 1676 anno
1023 1611 1150 1676 circiter

29 1713 80 1777 510
106 1715 243 1798 priorem
273 1713 293 1781 la
325 1717 455 1783 litterae
487 1717 593 1804 figura
625 1719 790 1804 antiquior
821 1718 944 1803 arguit,
982 1718 1036 1783 sed
1069 1719 1148 1801 ipsis

29 1819 110 1885 initiis
140 1824 260 1888 saeculi
293 1825 375 1888 sexti
407 1845 458 1889 om
488 1825 677 1890 terminatio
713 1826 746 1890 in
779 1823 953 1890 SAOROM
985 1825 1149 1909 adsignat:

28 1947 105 2008 quam
127 1930 257 2013 quidem
278 1949 295 1994 o
317 1930 462 1996 vocalem
486 1931 572 1996 circa
590 1953 711 1996 annum
729 1931 796 1996 520
817 1931 953 1996 cessisse
977 1931 1149 1997 recentiori

27 2054 68 2096 reni
87 2035 202 2102 formae
226 2037 307 2102 olim
330 2037 478 2120 diximus,
501 2037 596 2102 facile
620 2041 743 2121 autom,
766 2042 803 2102 ut
826 2042 875 2104 est
899 2043 1149 2105 consentaneum

28 2139 52 2203 iu
71 2141 124 2206 hoc
145 2164 275 2228 genere,
305 2143 462 2228 largimur
486 2145 611 2228 aliquot
636 2149 713 2228 post
735 2143 829 2210 annis
852 2145 995 2230 potuisse
1019 2147 1150 2232 quibus-

26 2245 84 2311 dam
109 2251 263 2335 exemplis
296 2251 395 2315 ctiam
426 2256 494 2316 tum
524 2251 647 2316 durare.
696 2249 782 2315 Nam
813 2251 846 2315 in
879 2251 993 2316 mediis
1022 2253 1150 2338 quidem

27 2355 183 2439 vocabulis,
210 2357 306 2444 quale
330 2361 381 2422 est
402 2355 625 2422 HERCOLEI
652 2357 704 2421 vel
727 2355 925 2440 CONSOLI,
954 2359 1035 2422 satis
1060 2360 1150 2424 illam

26 2466 134 2526 constat
163 2463 263 2548 longe
296 2463 395 2528 etiam
427 2463 547 2529 diutius
578 2463 775 2547 perstitisse:
812 2465 852 2528 de
880 2486 944 2548 quo
974 2465 1149 2530 identidem

26 2566 224 2649 significatum
250 2572 300 2635 est
323 2570 409 2635 alibi.

97 2673 214 2750 Quodsi
239 2675 278 2740 dc
301 2676 373 2761 ipso
397 2699 484 2743 anno
507 2676 585 2742 facti
614 2678 702 2743 tituli
729 2679 927 2762 quaerimus,
960 2678 1150 2744 dictatorem

26 2779 134 2861 quidem
155 2782 335 2848 Minucium
364 2785 420 2869 qui
442 2785 591 2850 feruntur
618 2783 696 2850 fasti
720 2785 904 2850 consulares
928 2786 1059 2850 omnino
1083 2787 1151 2850 nul·

26 2885 77 2950 lum
105 2895 231 2956 norunt
277 2891 317 2955 In
344 2891 461 2976 quibus
489 2891 674 2975 proximum
705 2895 832 2956 tantum
865 2891 1014 2956 dictatori
1044 2892 1151 2956 locum

25 2991 154 3062 obtinens
172 2997 216 3062 M.
230 2995 393 3062 Minucius
412 2997 517 3062 Rufus
540 2998 737 3082 perscriptus
761 3001 812 3062 cst
832 2998 989 3083 magister
1008 2999 1151 3083 equitum

25 3119 46 3160 a
61 3101 131 3169 537:
160 3103 216 3168 sed
241 3103 270 3168 is
294 3125 371 3169 sane
394 3103 452 3168 tali
476 3107 605 3188 praeter
629 3103 762 3168 solitum
785 3103 970 3169 condicione
994 3127 1084 3189 usus,
1115 3111 1153 3170 ut

25 3225 76 3272 non
97 3209 249 3276 miremur
273 3211 301 3276 si
325 3209 396 3294 quis
419 3209 505 3275 hunc
529 3209 634 3294 ipsum
664 3210 809 3293 potuisse
833 3210 1024 3276 dictatorem
1048 3211 1152 3277 dicio

25 3333 114 3380 rerum
142 3321 310 3402 gestarum
340 3319 496 3382 momoria
524 3319 648 3402 arguat
697 3315 761 3381 Est
787 3317 873 3382 enim
900 3318 929 3382 is
957 3317 1025 3402 illc,
1058 3341 1153 3403 quem

25 3441 93 3486 anno
116 3425 218 3490 altero
246 3424 326 3490 belli
348 3424 556 3489 Hannibalici
580 3422 617 3498 Q.
636 3421 757 3488 Fabius
781 3421 817 3500 Q.
835 3424 857 3491 f.
876 3423 914 3502 Q.
933 3446 964 3489 n.
990 3423 1152 3490 Maximus

25 3521 207 3596 Verrucosus
227 3531 375 3616 dictator,
398 3531 466 3596 sive
484 3530 603 3594 rectius
623 3529 876 3622 prodictatorem
890 3528 986 3614 dices,
1009 3533 1152 3596 muneris

24 3651 77 3697 non
97 3637 322 3704 administrum
346 3639 442 3704 modo
465 3640 499 3702 et
521 3637 652 3720 socium,
677 3636 733 3701 sed
757 3637 924 3720 conlegam
943 3636 1059 3702 habuit
1076 3641 1153 3722 post

23 3759 150 3824 pugnam
172 3745 410 3812 Trasimenum:
440 3745 559 3830 quippe
582 3743 634 3808 cui
665 3743 822 3828 singulari
849 3765 981 3827 prorsus
1006 3743 1152 3827 exemplo

24 3844 180 3931 inperium
207 3873 280 3916 esso
307 3873 379 3918 cum
408 3851 566 3917 dictatore
595 3854 769 3936 aequatum
799 3850 939 3915 sciamus
967 3849 1153 3914 auctoribus
1231 3907 1235 3916 .

23 3949 144 4039 Polybio
167 3957 233 4042 III,
259 3959 330 4044 103,
365 3958 459 4024 Livio
482 3956 591 4043 XXII,
613 3957 665 4022 25.
688 3959 740 4022 26.
764 3959 816 4042 21,
851 3955 983 4022 Valerio
1010 3954 1152 4020 Maximo

24 4055 75 4143 ΠΙ,
92 4065 119 4146 8,
137 4065 158 4129 2
182 4070 217 4129 ct
240 4065 281 4150 V,
299 4067 329 4151 2,
343 4067 374 4145 4,
403 4064 578 4132 Plutarcho
602 4063 658 4128 vit.
677 4063 772 4129 Fabii
795 4085 822 4129 c.
840 4063 871 4148 9,
894 4061 1046 4147 Appiano
1066 4061 1154 4127 Han·

24 4165 77 4231 nib.
98 4191 123 4234 c.
143 4172 199 4255 12,
234 4167 346 4238 Cassio
374 4171 480 4240 Dione
508 4173 587 4238 Ero.
610 4171 663 4255 57,
681 4171 725 4235 20
755 4193 785 4255 p.
809 4171 852 4236 62
877 4169 991 4253 Bekk„
1028 4167 1155 4235 Zonara

25 4265 157 4356 111126
182 4300 211 4360 p.
230 4277 302 4362 193,
323 4280 363 4344 12
385 4279 501 4364 Bona,
523 4278 603 4344 item
622 4275 769 4342 ‘Aurelio
784 4273 926 4342 Victorc’
951 4276 990 4340 do
1009 4275 1087 4340 viris
1107 4275 1155 4341 ill.

25 4397 45 4438 o.
61 4380 112 4445 43:
135 4383 254 4466 quibus
277 4385 418 4471 elogium
446 4385 527 4450 illud
551 4383 646 4448 Fabii
668 4381 802 4447 Maximi
826 4382 950 4447 accedit
972 4385 1048 4466 post
1072 4383 1154 4448 alios

26 4482 60 4546 ab
77 4485 195 4555 Orellio
219 4489 341 4558 editum
360 4491 460 4558 Inacr.
479 4515 510 4556 n.
524 4491 586 4557 541
610 4489 658 4574 [C.
673 4489 698 4556 Ι.
713 4489 748 4556 L.
766 4489 783 4554 1
800 4491 873 4576 eloy.
891 4489 1002 4555 XXIX
1019 4512 1051 4574 p.
1065 4489 1155 4578 2881,
