3020 5118
429 377 581 443 ripvnvs
606 375 810 422 inuramus.
1129 359 1188 422 161

58 519 87 584 ll.
107 521 142 584 ll.
165 519 205 585 N.
228 521 315 585 2458
341 521 389 600 [C.
409 518 433 584 l.
457 519 491 584 L.
520 517 534 582 1
559 541 589 584 n.
613 519 692 604 eru
725 517 760 582 P.
784 517 818 582 L.
844 515 1190 604 6666611616

58 626 260 712 ntoslvs*)
279 627 376 712 inque
390 626 573 692 Mariniana
591 625 689 690 lnscr.
705 625 780 690 Alb.
799 647 828 709 p.
843 626 863 689 3
879 624 968 706 [(1.1.
984 625 1017 690 L.
1037 625 1053 690 l
1071 647 1101 690 u.
1116 619 1191 708 593,

57 735 83 798 P.
99 733 131 798 L.
150 733 192 798 M.
211 733 249 800 Ε.
273 735 339 799 tab.
359 733 462 798 Lxxl
477 733 523 814 A]
548 731 688 796 POPlLl
714 731 854 814 mittam,
877 753 915 797 ex
938 732 1101 798 Orelliana
1124 731 1189 796 569

58 841 97 921 [l'.
115 841 138 905 l.
157 839 191 906 L.
210 841 226 904 I
245 841 317 923 clep.
336 838 379 924 X3
403 839 459 922 Vl,
481 843 495 904 1
523 861 551 904 ιι.
576 841 659 904 1263
674 839 704 920 b]
729 839 807 902 anni
830 837 1130 920 dereputetur,
1153 861 1191 902 ex

56 949 165 1032 Argiva
188 948 266 1012 anui
285 947 350 1012 663
370 946 556 1024 METELO,
580 947 606 1012 ei
631 947 709 1010 fides
729 944 875 1012 LeBasio
893 945 992 1011 Inser.
1013 965 1059 1030 gr.
1080 949 1113 1008 et
1131 944 1188 1008 lat.

56 1057 121 1120 fasc.
142 1055 163 1120 3
188 1076 220 1139 p.
244 1053 376 1140 202.*⁸)
413 1053 475 1120 Sed
499 1053 549 1118 his
573 1053 676 1118 multo
700 1053 828 1138 dignius
853 1053 1025 1118 observatu
1049 1053 1108 1129 est,
1132 1073 1190 1136 per

55 1182 123 1242 quos
154 1163 325 1244 tamquam
352 1159 472 1245 padus
504 1159 661 1244 quosdam
689 1158 730 1224 ad
758 1159 941 1248 geminandi
974 1158 1190 1242 frequentiam

56 1267 144 1330 tertia
166 1270 260 1332 aetas
283 1287 457 1352 progressa
479 1266 541 1331 sit:
566 1265 686 1350 quippe
706 1287 770 1350 qus
787 1266 822 1331 in
841 1285 914 1330 acre
933 1265 1073 1330 Bantino
1092 1265 1190 1350 gemi-

55 1377 155 1438 natum
189 1373 234 1438 sit
266 1377 394 1458 quater,
427 1394 492 1438 non
524 1371 725 1458 geminatum
761 1371 824 1436 bie:
857 1374 970 1438 contra
1002 1371 1087 1438 mira
1114 1394 1191 1438 sane

57 1479 287 1546 consuetudinis
314 1479 526 1544 fluctuatione
550 1479 583 1542 in
606 1478 719 1542 tabula
742 1477 882 1544 Genucti
907 1479 1108 1562 geminatum
1131 1481 1190 1544 cir·

55 1588 124 1652 citer
141 1587 281 1670 deciens,
304 1609 370 1653 non
393 1585 592 1671 geminatum
616 1585 689 1669 plus
713 1585 834 1650 viciens
859 1583 929 1670 (ubi
948 1586 1086 1670 quidem,
1110 1609 1191 1672 quac

55 1697 155 1778 suapte
174 1699 296 1760 natura
315 1691 468 1778 ambigua
488 1697 572 1776 sunt,
591 1691 625 1756 in
643 1695 792 1756 neutram
812 1695 937 1774 partem
952 1692 1058 1756 valere
1073 1693 1190 1779 volui):

54 1801 100 1864 sed
123 1801 187 1864 iam
211 1802 246 1864 in
269 1799 342 1884 lege
366 1797 616 1884 repetundarum
640 1797 713 1882 plus
742 1796 959 1882 quadragiens
983 1801 1191 1886 geminatum,

54 1929 109 1972 non
127 1907 330 1993 geminatum
355 1906 482 1972 circiter
505 1905 641 1970 viciens:
664 1905 698 1970 in
722 1903 850 1988 agraria
873 1907 980 1970 autem
999 1906 1123 1972 viciens
1142 1913 1193 1976 ter

54 2035 109 2078 non
138 2015 356 2100 geminatum,
384 2013 585 2098 geminatum
613 2011 686 2094 plus
714 2011 893 2096 octogiens:
921 2033 1018 2094 quam
1046 2013 1191 2081 insecuta

54 2125 95 2184 est
116 2141 239 2204 magna
261 2119 445 2204 geminandi
474 2118 660 2182 constantia
683 2118 740 2182 illa
764 2139 859 2202 quom
884 2115 1043 2202 Campani
1067 2119 1190 2204 lapides

56 2225 74 2290 l.
94 2226 129 2290 R.
152 2226 193 2292 N.
217 2227 304 2292 3559
329 2249 396 2310 sqq.
423 2227 472 2306 10.
495 2223 519 2288 l.
543 2223 577 2288 L.
602 2223 857 2310 1n.563sqq;
882 2225 915 2290 l‘.
939 2224 973 2290 L.
998 2225 1040 2292 M.
1063 2225 1101 2291 Ε.
1125 2226 1190 2292 tab.

54 2331 159 2400 tuln.
183 2333 287 2398 LXIV
311 2333 437 2413 A---FJ
462 2353 539 2416 prae
568 2353 601 2394 se
630 2331 746 2397 ferunt
791 2331 875 2396 llinc
899 2330 1000 2416 igitur
1023 2333 1092 2398 fieri
1116 2355 1189 2398 con·

54 2439 167 2504 iectura
188 2443 308 2524 potest,
331 2438 572 2522 probabiliusne
596 2435 767 2502 admoveas
791 2435 832 2501 ud
856 2457 975 2502 annum
999 2441 1065 2504 6:20
1088 2461 1130 2504 an
1150 2440 1190 2504 ab

54 2547 157 2612 eodem
180 2569 347 2612 removeas
368 2545 582 2610 Aletrinatem
607 2544 749 2626 titulum,
771 2543 804 2609 in
825 2566 887 2628 quo
907 2565 971 2608 non
990 2545 1189 2629 geminatum

54 2653 90 2718 sit
110 2659 223 2738 quater
245 2655 280 2718 in
299 2651 514 2717 Macunvll
531 2651 701 2716 Ol‘lDVM
722 2651 802 2714 nen*
826 2651 979 2734 lovsl'l,
1003 2652 1102 2717 semel
1121 2657 1190 2716 tau·

55 2765 113 2825 tum
132 2761 331 2847 geminatum
351 2761 383 2826 in
403 2757 570 2824 ol’l’llru.
613 2758 797 2841 Eademque
817 2757 1025 2822 ratiocinatio
1041 2760 1190 2841 potuerat

54 2868 141 2934 etiam
164 2867 264 2953 lapidi
288 2865 426 2932 Pollano
450 2864 611 2946 adhiberi,
635 2869 684 2926 ter
706 2883 773 2927 non
796 2863 984 2948 geminenti,
1008 2863 1184 2946 geminasti
1201 2889 1235 2930 ιι

56 2997 218 3060 nusquam:
251 2997 346 3060 quem
379 2973 479 3038 nimia
507 2971 704 3037 liberalitate
728 2971 808 3034 satis
832 2969 992 3036 habebam
1017 2991 1101 3036 anno
1125 2972 1190 3034 640

56 3083 185 3164 priorem
208 3081 322 3146 dicere.

135 3189 205 3254 Huc
234 3210 301 3254 non
330 3189 398 3253 leve
423 3187 548 3272 pondus
571 3187 696 3270 reliqua
720 3185 892 3250 vetustatis
916 3185 1036 3252 iudicia
1060 3185 1190 3250 addunt.

58 3293 138 3360 Nihil
160 3319 237 3360 sane
264 3295 407 3360 tribuam
436 3293 494 3360 OV
519 3293 701 3358 litterarum
729 3293 877 3358 societati
905 3293 938 3358 iu
967 3289 1123 3374 lovain,
1151 3291 1190 3356 de

136 3508 158 3575 *)
178 3507 232 3577 [De
265 3505 318 3560 hac
351 3503 490 3574 scriptura
523 3503 594 3572 legis
627 3501 796 3557 Puteolanae
833 3503 973 3558 fefellerat
1006 3502 1189 3557 ltitschelinm

60 3595 209 3652 Mommseni
235 3593 406 3664 exemplum,
425 3595 456 3646 ut
477 3592 536 3662 ipse
560 3591 631 3646 dixit
654 3592 682 3648 Ρ.
703 3591 732 3646 L.
754 3591 789 3645 n.
811 3591 840 3646 l).
861 3593 956 3646 Enarr.
976 3611 1003 3661 p.
1023 3597 1054 3646 61
1077 3591 1113 3644 ad
1131 3590 1188 3644 tab.

62 3681 168 3739 11111,
205 3683 234 3736 C.
254 3683 312 3753 W.]

120 3773 160 3842 ”l
170 3773 234 3844 [Est
247 3788 323 3840 sane,
337 3773 370 3826 nt
383 3771 465 3826 docet
479 3769 636 3840 exemplum
652 3769 680 3824 Ρ.
695 3767 724 3826 L.
740 3768 819 3824 11111.
836 3769 891 3824 tab.
903 3769 1024 3834 uxum
1043 3767 1076 3822 of.
1089 3767 1116 3822 C.
1128 3768 1149 3823 l.
1160 3767 1190 3824 L.

62 3859 108 3914 lu.
130 3867 193 3928 5953
216 3861 264 3914 lll.
290 3869 303 3915 1
328 3879 354 3915 n.
378 3867 438 3915 661.
460 3891 492 3900 -
515 3859 644 3914 Ceterum
663 3857 726 3913 vide
750 3875 821 3926 quse
845 3857 958 3926 scripsit
983 3855 1079 3910 Enarr.
1104 3873 1130 3926 p.
1155 3861 1187 3910 61

62 3947 226 4006 Ritecbslins:
258 3949 314 4004 ‘sd
333 3949 418 4004 lilium
439 3949 468 4002 C.
488 3947 602 4004 Caecilii
622 3947 728 4003 Metelli
747 3945 873 4016 Caprarii
897 3945 1018 4000 consulis
1037 3961 1109 4000 anno
1128 3951 1189 4012 611,

62 4037 225 4096 Macedoniae
244 4039 416 4108 praefectum
435 4055 508 4093 enno
527 4044 589 4106 663,
607 4037 745 4092 referebat
763 4035 939 4105 Borghesins.
972 4035 1013 4090 lle
1027 4051 1083 4104 qua
1096 4037 1189 4089 aetate

63 4127 80 4178 si
103 4129 164 4184 satis
191 4129 316 4196 constat,
339 4127 420 4182 valde
449 4126 623 4182 memorabili
651 4126 778 4194 exemplo
803 4141 859 4180 non
886 4125 1044 4193 geminatae
1068 4123 1189 4192 liquidae

64 4215 192 4272 llETELO
211 4217 351 4286 scriptura
369 4217 421 4282 est,
439 4215 468 4270 id
486 4216 560 4284 quod
579 4216 760 4285 designabam
778 4214 851 4268 Mon.
872 4213 959 4282 epigr.
978 4215 1012 4266 tr.
1032 4231 1058 4282 p.
1078 4211 1135 4268 V..
1156 4255 1161 4266 .
1182 4254 1188 4266 .

64 4303 218 4376 Quamquam
238 4305 328 4360 multo
347 4304 433 4360 etiam
451 4305 604 4360 recentiore
623 4307 747 4374 tempore
767 4303 852 4358 semel
872 4303 1006 4372 scriptum
1025 4318 1085 4356 esse
1104 4299 1188 4356 uvnl

65 4397 160 4450 constat
174 4395 232 4450 tab.
252 4393 390 4448 LXXXVI
405 4395 432 4448 A
451 4395 490 4460 (in
505 4393 587 4448 titulo
602 4393 752 4449 Mutinensi
771 4409 795 4447 a
811 4398 859 4446 eol
882 4390 931 4464 (C.
949 4393 967 4444 l.
983 4390 1013 4444 L.
1029 4389 1040 4442 1
1055 4409 1081 4444 n.
1098 4393 1188 4460 699»,

65 4479 213 4550 aliquotiens
225 4483 335 4539 meuria
348 4485 494 4553 peccatum
510 4485 541 4537 ut
555 4483 611 4538 tab.
627 4483 738 4540 XCllG.
756 4481 881 4536 lit'lllA.
898 4477 1068 4534 nervae!
1094 4478 1188 4549 O.W.]
