3040 5122
348 357 409 420 134
615 373 838 419 MONl'llENTA
863 371 1100 418 surculamen
1124 372 1215 418 rme.

345 541 408 602 quo
437 538 547 580 rursus
577 515 617 579 ad
650 516 877 599 monosyllaba
908 516 1085 580 transitum
1117 520 1166 579 est
1197 514 1302 580 indice
1328 513 1457 598 Capueusi

280 671 281 676 .
306 653 329 691 rr
345 625 461 710 lapide,
484 624 595 688 obstat
610 623 683 707 ipsa
697 622 731 685 ll
749 624 880 687 litterae
900 623 1098 707 suppressio:
1123 623 1221 706 cuiuS,
1246 645 1317 686 cum
1334 621 1458 686 delium·

345 733 401 797 mii
426 730 637 814 inscriptione
661 731 918 815 commentabar,
950 754 1016 796 non
1044 731 1172 796 novisse
1201 753 1254 794 me
1281 731 1459 794 recentiorem

345 845 463 904 testem
487 860 583 922 quam
606 836 641 900 L.
657 835 818 920 Scipionis
842 835 898 902 Cn.
918 837 939 902 f.
954 836 1011 902 Cn.
1028 861 1059 903 n.
1082 838 1215 903 titulum
1240 838 1379 902 dicebam
1399 838 1461 900 circa

345 971 371 1012 a..
392 946 457 1011 615
482 944 653 1029 scriptum,
685 967 769 1008 nune
798 944 895 1008 etiam
925 945 1044 1010 certius
1075 946 1231 1030 intellego
1262 943 1336 1008 anni
1364 943 1464 1006 circiter

346 1056 411 1119 620
434 1054 552 1118 finibus
581 1074 674 1116 usum
703 1051 943 1116 terminandum
972 1075 1051 1118 esse.
1101 1054 1186 1118 Nam
1219 1073 1303 1137 quae
1333 1053 1464 1136 posterior

346 1167 436 1225 aetas
465 1160 611 1244 exempla
639 1160 733 1224 offert
765 1160 860 1244 longe
888 1160 1098 1243 paucissima,
1135 1183 1173 1224 ea
1204 1164 1264 1225 aut
1297 1158 1462 1243 singrlarem

347 1268 508 1352 quandam
531 1268 691 1332 rationem
714 1266 833 1331 babere
858 1273 915 1332 aut
940 1290 1066 1332 summa
1089 1289 1160 1332 cum
1179 1267 1406 1352 probabilitate
1421 1267 1463 1328 soli

347 1373 572 1456 lapicidarum,
590 1375 732 1438 incuriae
766 1375 865 1439 tribui
898 1398 970 1440 cum
1003 1376 1071 1439 illic
1104 1375 1288 1460 significavi
1317 1379 1382 1438 tum
1407 1371 1462 1442 alibi

347 1481 418 1544 aliis
443 1503 494 1544 me
522 1504 753 1564 persuasurum
782 1483 920 1567 confido,
953 1484 1008 1548 ubi
1037 1483 1194 1567 quaedam
1223 1505 1264 1546 ex
1292 1482 1351 1546 hoc
1377 1501 1463 1564 genere

348 1588 440 1652 valde
464 1589 688 1653 memorabilia
711 1590 819 1654 dedita
843 1613 940 1674 opera
963 1592 1123 1655 tractabo.
1502 1645 1503 1652 ,

437 1693 546 1759 Habes
571 1697 674 1780 igitur
701 1697 784 1761 unde
813 1698 851 1760 de
875 1696 998 1761 DONV
1028 1720 1085 1781 pro
1110 1696 1270 1762 DONVM
1301 1696 1464 1780 positorum

347 1802 535 1867 dubitanter
556 1803 677 1868 iudices
697 1802 788 1890 (nam
808 1805 864 1869 RE
876 1841 883 1853 ·
895 1803 1250 1871 sva-DIFEIDENS
1271 1804 1385 1889 probos
1402 1800 1463 1863 ablr-
1502 1823 1503 1834 ¹

349 1908 433 1973 tivos
453 1931 522 1973 esse
541 1911 709 1975 verissime
729 1900 1043 1978 contraHenzenum
1058 1913 1239 1977 Freundius
1255 1909 1377 1976 monuit
1389 1905 1463 1970 llusei

348 2015 428 2098 plril.
451 2015 519 2080 tV
543 2039 573 2100 p.
593 2017 682 2102 605).
734 2018 796 2083 Sed
830 2020 935 2084 minus
967 2021 1063 2085 etiarn
1098 2020 1317 2085 dubitationis
1348 2015 1462 2080 relietum

349 2143 418 2184 esse
442 2120 480 2184 de
504 2119 691 2188 DANVNT
720 2125 827 2190 forma
854 2130 948 2210 puto,
981 2149 1075 2210 quam
1108 2127 1318 2211 praecipuam
1350 2140 1464 2188 caussam

348 2228 461 2294 haberi
485 2231 570 2314 vole,
593 2254 650 2295 cur
672 2233 752 2317 ipsis
777 2233 908 2316 septimi
932 2234 1076 2318 sentique
1097 2233 1217 2298 saeculi
1237 2231 1383 2300 confiniis
1397 2227 1463 2292 Sorr-

348 2358 425 2400 num
455 2338 586 2402 titulum
616 2337 812 2403 admoveam.
859 2339 921 2416 Qui
950 2341 1034 2406 enim
1063 2347 1151 2424 sunt,
1188 2363 1272 2426 quos
1306 2339 1360 2405 illa
1388 2337 1463 2400 form

349 2466 425 2506 usos
449 2444 658 2510 noverimus?
695 2445 831 2511 Deciens
856 2447 907 2511 vel
931 2448 1121 2513 duodeciens
1145 2449 1269 2514 (lanient
1287 2447 1410 2512 Plautus
1428 2461 1463 2523 pe

350 2549 430 2613 suit:
454 2550 504 2613 cui
529 2552 613 2634 quod
638 2554 735 2617 semel
759 2555 838 2618 (lanc
865 2554 1094 2637 imperativum
1117 2555 1304 2620 tribuerunt
1328 2547 1463 2618 Asinarire

350 2677 378 2717 v.
398 2656 472 2738 671,
495 2656 627 2722 videant
651 2683 712 2744 quo
737 2660 805 2724 iure
829 2661 979 2725 fecerint:
1006 2662 1090 2745 quod
1115 2662 1214 2726 etiam
1237 2664 1354 2727 dorcam
1375 2655 1462 2720 Henn-
1501 2657 1502 2710 l

349 2785 409 2826 nus
442 2764 605 2848 ascripsit,
640 2765 748 2829 nescio
782 2789 845 2850 quo
874 2768 906 2832 id
938 2773 1069 2832 auctore
1097 2766 1223 2832 dixerit.
1271 2767 1382 2832 Plauto
1405 2759 1462 2826 lae

350 2870 437 2935 vium
462 2870 639 2934 Pacuvium
663 2869 839 2936 Caecilium
864 2874 953 2938 addit
977 2874 1102 2938 Nonius
1126 2897 1156 2958 p.
1176 2875 1232 2938 97:
1266 2875 1347 2940 senti
1375 2864 1462 2934 saeculi

349 2983 463 3063 poetas
488 3001 610 3057 onrncS,
633 2979 759 3043 nullum
783 2981 921 3064 septimi.
962 2982 1011 3046 Ne
1036 2982 1206 3046 Terentius
1231 2983 1359 3068 quidem
1375 2975 1462 3044 dorrorrt

350 3106 487 3168 usquam
520 3085 570 3147 vel
605 3084 726 3168 aliquid
756 3086 871 3151 simile.
921 3087 1005 3152 Nam
1034 3112 1074 3154 ue
1103 3089 1224 3154 similia
1254 3089 1377 3176 quidem
1403 3082 1462 3146 ultra

351 3191 434 3254 sexti
454 3190 534 3254 fines
549 3212 723 3276 progressa
739 3197 821 3257 sunt.
851 3192 967 3268 Qualia
982 3195 1082 3260 habes
1101 3198 1270 3278 nequinont
1285 3193 1461 3261 inserinuntur

351 3297 497 3380 Liviana,
507 3299 680 3379 prodinunt
695 3300 839 3363 redinunt
853 3299 1003 3366 Enniana
1015 3301 1110 3367 Festo
1125 3307 1209 3367 teste
1224 3304 1277 3368 vel
1292 3305 1357 3368 eius
1370 3291 1461 3362 brevia·

351 3409 435 3468 tore:
460 3405 538 3468 item
556 3406 743 3470 Ennianum
766 3408 909 3470 curincrc
928 3409 966 3472 de
987 3432 1049 3494 quo
1062 3411 1171 3494 ¹nuper
1192 3412 1304 3494 [supra
1322 3431 1350 3492 p.
1360 3405 1388 3486 9]
1406 3397 1462 3464 diri:
1500 3405 1501 3416 ³

351 3511 537 3576 Plautinum
562 3514 769 3594 coquinarum,
794 3514 821 3576 si
845 3513 924 3578 fides
949 3515 1112 3581 codicibus
1136 3501 1461 3592 Aululariaelss,1‚i

351 3624 383 3684 et
406 3619 558 3683 Pseuduli
584 3620 662 3702 853,
696 3621 752 3684 ubi
781 3623 966 3703 coan'lulrnn
995 3622 1113 3708 legisse
1136 3622 1252 3687 Festus
1277 3647 1308 3708 p.
1327 3623 1363 3686 61
1390 3605 1460 3678 virleu
1500 3605 1501 3694 ,

349 3732 467 3811 potest.
500 3725 569 3789 Nec
595 3725 644 3788 vel
669 3727 799 3809 probari
824 3728 875 3790 vel
900 3749 972 3791 cunr
993 3728 1102 3812 aliqua
1121 3729 1226 3812 specie
1248 3727 1385 3796 veritatis
1401 3713 1460 3784 credi
1500 3745 1501 3802 r

350 3838 473 3918 potest,
496 3856 561 3897 non
588 3831 730 3896 eiusdem
756 3835 873 3898 aetatis
898 3841 1004 3898 cetera
1028 3857 1098 3899 esse
1123 3835 1191 3898 sine
1212 3832 1396 3901 testimoniis
1412 3843 1459 3888 aru·
1500 3815 1501 3846 ¹

351 3948 460 4007 torum
488 3939 628 4005 adesto
656 3940 705 4003 vel
730 3963 747 4003 e
770 3939 867 4005 Festo
898 3945 1059 4025 excerpta:
1090 3943 1253 4024 eaplcrnurl
1276 3942 1392 4008 obinunt
1407 3929 1458 4012 scri·
1500 3915 1501 4000 i

351 4053 431 4112 nunt
452 4048 597 4110 solinunt.
635 4046 720 4109 Nam
745 4047 906 4111 communi
930 4046 1011 4112 haec
1036 4049 1145 4134 omnia
1163 4049 1235 4134 lege
1254 4050 1315 4115 hac
1332 4045 1458 4128 regurrtor.
1500 4079 1501 4128 3

352 4154 436 4239 quod
461 4175 480 4216 a
503 4151 677 4234 primitivis
702 4155 873 4218 verborum
902 4154 1017 4218 formis
1045 4156 1264 4238 productiores
1295 4158 1388 4222 iactae
1406 4141 1456 4207 suut
1500 4131 1501 4167 ¹

353 4259 500 4325 immissa
526 4258 561 4320 in
585 4258 727 4340 syllaba,
761 4261 815 4324 sed
843 4283 881 4322 ea
910 4260 1038 4324 brevem
1067 4263 1210 4326 vocalem
1238 4286 1303 4328 non
1329 4247 1456 4326 minusiss

352 4367 653 4467 strennuitas
677 4399 891 4453 racrrnmu
915 4399 971 4454 ram
997 4399 1024 4454 m
1051 4401 1098 4456 sc.
1118 4401 1152 4457 ue
1177 4401 1384 4458 emeramnus
1402 4381 1454 4456 reo?

352 4491 380 4547 c.
396 4488 453 4560 vv]
