3020 5118
403 397 553 444 ur'rvavs
577 397 780 492 queramus.
1055 391 1061 404 ·
1097 379 1158 442 169

51 541 172 624 lapidarii
200 547 341 624 repetere
365 540 405 605 ad
429 541 607 624 proximam
632 539 654 604 S
677 541 819 604 litteram
842 540 1032 622 aberrantia,
1055 541 1084 604 ei
1109 540 1159 605 de·
1169 561 1213 602 vn

51 647 262 712 nondrraudum
282 649 344 713 erit
361 669 511 732 umquam
527 651 666 712 veterem
685 647 828 732 lingnam
845 645 1042 711 SENATVS
1056 649 1161 712 forma

50 755 98 818 ullo
122 759 203 818 certo
232 756 379 839 exemplo
415 777 506 820 usam
531 777 614 820 esser
647 754 680 820 id
704 753 791 840 quod
816 775 947 840 prorsus
977 753 1160 838 negandum

49 885 100 926 esse
116 861 210 926 video.
250 863 299 926 Ao
323 860 500 945 proiectam
525 860 614 926 illam
638 885 658 926 a
677 859 905 926 SENATVOS
923 862 1073 946 genetivo
1091 884 1161 924 esse

49 969 109 1032 satis
135 969 381 1034 vindobonense
411 968 450 1032 tle
482 967 698 1032 Bacanalibus
733 975 976 1032 monumentum
1011 971 1161 1032 testatur:

49 1097 155 1161 eamque
184 1076 321 1140 sormam
354 1075 417 1140 fuit
448 1075 503 1160 qui
533 1097 591 1140 suo
624 1097 683 1138 usu
720 1076 931 1158 instauraret,
969 1077 995 1140 si
1028 1077 1162 1160 optimis

48 1183 246 1266 (ludendorpio
271 1187 355 1247 teste
378 1182 539 1246 codicibus
559 1181 704 1246 Suetonii
729 1183 947 1246 arraeultamus
968 1183 1013 1247 sic
1031 1205 1162 1248 narran-

49 1289 79 1350 tis
98 1288 131 1352 de
152 1288 328 1354 Octaviano
352 1289 500 1373 Augusto
524 1311 591 1374 cap.
616 1289 672 1354 87:
706 1291 776 1352 item
798 1291 916 1354 simus
942 1311 1000 1373 pro
1023 1311 1163 1372 sternas,

47 1396 215 1460 etdomuos
242 1397 376 1478 peritiae
404 1417 476 1460 casu
503 1397 659 1480 domitori
686 1418 746 1478 pro
772 1398 898 1461 domas
925 1397 1051 1482 (ponit).
1099 1395 1161 1460 Vbi

48 1501 112 1584 quod
130 1502 279 1586 vulgatur
300 1501 413 1578 domos,
436 1501 567 1585 irrepsit
590 1502 686 1565 etiarn
712 1501 745 1565 in
765 1501 859 1566 Marii
881 1503 1040 1568 Victorini
1065 1504 1163 1568 verba

47 1631 68 1690 p.
86 1609 160 1674 2456
183 1607 217 1696 (8
242 1609 312 1696 G.):
346 1609 448 1674 Diuus
475 1611 635 1691 Arrpustus
654 1610 787 1691 penitieo
810 1631 882 1674 cocu
910 1611 1020 1674 liuius
1042 1612 1164 1674 dorrrca

46 1713 136 1780 rimmo
162 1717 328 1803 domnos)
355 1735 455 1780 meae
476 1737 534 1798 per
565 1738 585 1780 o
615 1713 730 1802 (imino
753 1715 820 1802 ao),
848 1737 910 1780 non
932 1721 968 1780 ut
991 1737 1045 1780 uos
1063 1737 1121 1798 per
1144 1739 1162 1780 u

47 1821 143 1886 literam
167 1825 298 1906 scripsit.
350 1822 388 1886 ln
417 1822 590 1907 eodemque
623 1823 849 1908 antiquitatem
884 1823 1075 1908 aliquotiens
1109 1847 1162 1908 po·

46 1935 112 1992 atera
136 1933 223 1994 aetas
252 1929 384 1996 imitata
410 1933 472 2014 est,
505 1930 559 1995 sed
590 1953 607 1993 o
635 1929 738 1994 vocali
766 1929 805 1993 de
833 1952 892 1994 suo
922 1951 1009 1994 more
1037 1933 1164 1994 mutata

47 2035 120 2100 inu:
157 2057 219 2122 quo
252 2037 312 2100 illa
339 2037 502 2121 pertinent
535 2037 568 2101 in
596 2036 703 2119 capite
730 2037 768 2100 de
796 2037 963 2102 vocalibus
991 2037 1164 2120 geminatis

47 2149 272 2208 commemorata
309 2167 339 2228 p.
368 2144 410 2207 29
440 2141 552 2228 [supra
580 2165 610 2228 p.
641 2145 716 2222 1521
745 2142 926 2208 DOlllVth
955 2141 1163 2228 (CONVEN-

48 2247 153 2336 TVVS)
179 2255 211 2315 et
239 2252 421 2336 imperante
451 2249 634 2314 Alexandro
668 2247 786 2314 Severo
824 2249 980 2334 seriptum
1008 2248 1164 2314 Torius

47 2353 309 2424 axussal'fvva
355 2355 530 2422 Pristinam
554 2357 638 2422 VOS
666 2357 928 2440 declinationem,
952 2363 987 2420 ut
1011 2357 1044 2422 in
1068 2357 1165 2420 corrri-

48 2481 90 2525 mo·
115 2465 258 2548 nominis,
288 2465 415 2548 excepit
442 2463 512 2528 vla
537 2463 654 2548 forma,
682 2485 764 2548 quae
794 2485 866 2528 cum
891 2463 1037 2548 dempto,
1065 2467 1102 2527 ut
1132 2463 1164 2528 in

47 2568 138 2652 prima,
159 2571 307 2648 secunda,
331 2571 445 2655 quinta
468 2569 690 2652 declinatione,
714 2569 810 2636 sibilo
834 2570 991 2654 evasisset
1013 2568 1069 2654 Vl,
1093 2591 1164 2636 con·

47 2675 115 2740 trahi
140 2683 193 2742 aut
220 2679 254 2742 in
281 2677 310 2742 V
335 2681 370 2742 ut
397 2677 431 2742 iu
459 2676 568 2742 dativo
597 2682 722 2758 sumptu
752 2676 923 2760 quintaeve
947 2677 1095 2760 genetivo
1118 2678 1167 2741 dir

49 2783 144 2866 potuit,
169 2785 283 2850 autin
310 2783 325 2848 I
349 2783 441 2848 utin
461 2783 572 2866 pepedi
599 2785 652 2848 elii.
699 2783 832 2848 Praeter
859 2783 937 2847 haee
967 2783 1051 2847 euim
1081 2783 1167 2866 quod

50 2909 92 2968 per
109 2889 232 2974 linguae
254 2890 348 2976 leges
371 2891 440 2954 fieri
460 2891 537 2956 item
556 2893 717 2974 potuerat,
740 2893 776 2954 ut
795 2889 906 2955 eadem
925 2892 1074 2974 opereat
1093 2911 1167 2955 ecn-

49 2993 205 3062 traheretur
233 3007 267 3062 et
291 3019 307 3062 s
329 2997 437 3062 littera
461 3003 657 3080 servaretur,
688 2997 750 3062 hoc
774 2997 852 3063 illud
877 2999 984 3082 ipsum
1009 2997 1166 3080 estquod

50 3098 146 3166 lactum
173 3127 243 3169 esse
272 3126 429 3190 negamus
458 3109 533 3170 ante
563 3105 665 3171 multo
692 3105 875 3188 posteriora
902 3109 1050 3186 tempora
1078 3101 1167 3166 adul·

51 3218 89 3269 tae
111 3209 285 3277 latinitatis.
331 3211 399 3277 Nec
422 3215 545 3296 tamen,
568 3233 649 3296 qnae
672 3211 760 3276 faeta
783 3215 859 3274 sunt
882 3209 1075 3294 antiquitus,
1097 3211 1167 3294 pari

51 3311 205 3398 frequentia
226 3319 326 3384 fuere.
368 3317 475 3384 Vnum
499 3323 627 3383 tantum
651 3317 697 3382 VI
722 3317 960 3382 terminationis
984 3317 1052 3382 leve
1072 3317 1167 3381 vesti·

53 3417 121 3499 giam
142 3429 245 3488 exstat
268 3425 302 3488 in
321 3423 530 3489 Ambrosiaui
550 3423 667 3490 codicis
687 3423 831 3488 Plautini
851 3423 1016 3506 memoria,
1040 3421 1167 3486 SVMP-

53 3521 109 3589 Tl'l
127 3529 288 3612 prodentis
307 3530 490 3596 Trinummi
510 3553 537 3594 v.
558 3533 631 3614 250,
657 3531 710 3594 ubi
734 3532 849 3613 sumpti
872 3535 904 3594 et
927 3530 1068 3594 numeris
1088 3531 1168 3594 eatis

55 3629 113 3698 lacit
141 3659 212 3704 sane
245 3643 281 3704 ct
311 3638 430 3704 lectum
460 3643 509 3702 est
533 3661 553 3702 a
575 3637 695 3702 Nouio:
732 3640 810 3702 item
834 3659 943 3720 unum,
975 3657 1168 3721 quamquam

55 3743 151 3806 cenum
169 3748 205 3808 ut
227 3749 318 3828 puto,
341 3743 371 3808 V
395 3743 626 3808 contractionis
649 3745 829 3828 exemplum
850 3741 1024 3807 SENATV
1044 3743 1077 3805 in
1097 3741 1170 3806 Ale·

57 3843 145 3912 uinati
167 3850 262 3916 titulo
286 3855 407 3918 nostra.
440 3851 576 3915 Restant
600 3851 700 3935 igitur
720 3847 937 3914 SENATVIS
958 3853 990 3913 et
1009 3847 1170 3912 SENATI

57 3947 165 4039 formae,
196 3981 278 4042 quae
311 3958 400 4042 ipsae
429 3979 449 4022 a
477 3961 566 4021 sexto
596 3957 725 4022 saeculo
753 3977 813 4041 per
840 3956 1015 4020 maximam
1043 3957 1170 4040 partem

58 4059 157 4138 spani
190 4069 365 4150 regnarunt
398 4065 500 4148 solae,
532 4063 586 4127 sed
621 4063 682 4128 hoc
712 4070 820 4126 tamen
850 4067 1106 4145 temperamento
1134 4067 1171 4126 ut

60 4163 136 4229 nulto
162 4171 262 4235 rarior
289 4171 347 4254 sit,
376 4171 404 4234 si
429 4171 469 4234 ab
493 4193 555 4234 uno
580 4168 726 4234 Varrone
750 4169 950 4252 discesseris,
978 4167 1049 4234 vla
1074 4193 1170 4254 queuu

60 4261 266 4342 lterminatio:
295 4277 423 4362 quaudo
452 4277 577 4361 largam
600 4277 638 4340 de
662 4275 724 4340 hoc
748 4297 864 4362 genere
889 4277 1037 4342 universo
1062 4277 1171 4342 existi·

61 4377 145 4442 mundi
166 4384 331 4448 materiam
349 4405 421 4450 cum
445 4383 552 4450 Gellio
575 4383 631 4466 IV,
660 4385 707 4466 lli,
731 4382 878 4448 Charisio
901 4405 931 4466 p.
959 4385 998 4447 10
1022 4389 1054 4447 et
1076 4385 1120 4446 40
1140 4388 1171 4446 et
1265 4471 1271 4480 ι

63 4477 109 4542 105
124 4489 153 4548 et
175 4489 246 4572 116,
269 4488 398 4556 Donato
428 4490 460 4556 in
484 4491 584 4556 Andr.
608 4489 654 4574 II,
683 4491 720 4573 2,
747 4491 789 4556 28
818 4495 852 4556 et
880 4488 957 4554 Hac.
980 4487 1043 4572 Ill,
1067 4489 1096 4572 2,
1120 4489 1171 4570 21,
