3040 5122
422 366 571 414 rrrvuvs
593 367 810 414 uvuumuvs.
1138 351 1182 414 95

135 506 169 572 In
191 507 268 592 ipsis
291 509 386 572 rebus
410 531 509 574 unum
532 509 684 594 estquod
703 507 942 574 commentandi
962 530 1092 592 operam
1110 531 1183 573 uos-

65 620 131 676 trnm
156 617 274 697 poscat
321 612 452 678 Etenim
476 615 652 699 permirum
676 619 734 696 est,
756 636 829 679 cum
852 614 892 678 de
915 613 1063 679 Herculis
1087 619 1183 698 atque

63 721 125 784 cleo
149 721 186 785 de
208 719 357 788 Herculis
381 719 525 788 Victoris
554 723 587 786 iu
612 722 690 787 urbo
713 721 818 787 Roma
846 721 977 805 templis
1001 720 1140 786 multum
1164 745 1184 788 a

62 828 153 892 multis
175 830 356 912 quaesitum
379 829 433 912 sit,
456 851 476 894 a
498 829 626 894 nemine
650 833 760 894 temen
779 829 854 894 huic
874 829 1058 912 quaestioni
1076 853 1183 914 super·

61 933 150 998 etitem
177 933 212 998 L.
241 934 390 1000 Mummii
418 935 552 1000 titulum
585 935 766 1002 adhibitum
789 957 876 1020 esse,
908 957 966 1001 neo
994 957 1014 1000 a
1041 933 1182 1002 Beckero

59 1039 201 1108 Euchiricl
224 1043 374 1127 antiquit
397 1041 435 1108 R.
459 1042 473 1106 l
498 1065 528 1128 p.
550 1043 616 1108 469
640 1067 687 1128 sq.
710 1044 777 1108 475
800 1067 869 1130 sqq.
891 1065 951 1107 nec
974 1043 1015 1108 ab
1039 1043 1108 1108 eius
1128 1043 1181 1108 ad-

59 1147 178 1213 versario
202 1148 312 1214 Vrlice
336 1171 368 1234 p.
391 1149 435 1214 90
463 1171 509 1234 sq.
538 1149 653 1214 necin
678 1149 813 1214 Beckeri
836 1171 991 1233 responso
1016 1173 1046 1234 p.
1070 1151 1113 1214 60
1137 1173 1183 1234 sq.

58 1249 126 1316 Nolo
147 1253 341 1340 singillatim
365 1255 514 1340 persequi
537 1277 620 1340 quae
644 1256 725 1322 mihi
748 1256 789 1320 ab
813 1255 865 1320 bis
889 1263 945 1320 aut
968 1265 1053 1322 recte
1077 1257 1183 1343 dispu-

57 1365 112 1422 tsts
132 1365 186 1424 ant
209 1383 303 1428 secus
328 1361 507 1446 videantur,
529 1363 585 1428 sed
609 1365 720 1448 paucis
744 1363 821 1449 quid
845 1363 883 1428 de
903 1363 949 1428 rei
969 1387 1095 1428 summa
1115 1363 1182 1448 ipsc

58 1465 175 1534 sentiam
197 1469 395 1554 significare.
432 1469 480 1533 Ac
504 1467 566 1534 duo
591 1475 717 1536 tantum
737 1469 886 1536 Herculis
909 1471 1032 1556 templa
1054 1473 1088 1536 in
1111 1469 1182 1536 foro

56 1573 149 1638 boario
170 1575 276 1660 adque
299 1575 420 1642 circum
444 1577 621 1642 maximum
645 1583 677 1642 et
700 1585 828 1662 portam
852 1578 1061 1664 trigeminam
1083 1577 1183 1642 fuisse

55 1703 166 1762 prorsus
195 1683 382 1770 negandum
407 1707 477 1750 esse
501 1689 614 1751 contra
636 1683 781 1752 Vrlicem
811 1685 915 1750 video:
947 1685 986 1750 ad
1010 1685 1181 1750 Herculem

54 1795 143 1854 autem
161 1789 329 1858 Victorem
353 1793 547 1876 pertinuisse
571 1816 661 1858 aram
685 1795 859 1858 maximam
878 1793 962 1859 circo
982 1791 1182 1856 adiacentem

53 1916 105 1960 non
132 1899 235 1982 magis
266 1897 410 1966 Beckero
438 1901 578 1966 concedo
607 1923 704 1986 quam
734 1923 807 1966 curu
839 1899 963 1984 templo
992 1921 1064 1964 eam
1091 1921 1183 1964 aram

54 2003 235 2070 coniunctam
261 2005 371 2072 fuisse.
408 2004 484 2074 Non
506 2009 622 2091 potuit,
646 2007 674 2072 si
693 2009 851 2093 templum
870 2006 994 2088 babuit,
1017 2005 1056 2072 de
1074 2007 1182 2072 sacello

54 2113 159 2178 tentum
185 2111 339 2178 Herculis
368 2111 498 2178 Solinus
522 2114 553 2198 l,
583 2115 623 2178 10
646 2114 748 2199 loqui:
780 2137 839 2180 nec
867 2113 1024 2198 templum
1048 2112 1181 2178 Tacitus

54 2215 121 2280 lun.
138 2217 205 2300 XV,
227 2221 273 2284 41
299 2221 390 2304 dixit,
413 2220 469 2286 sed
498 2241 645 2304 mapsam
667 2243 759 2286 arom
780 2223 974 2302 sanumque
996 2241 1073 2304 ptrue
1090 2243 1180 2304 prae·

51 2325 114 2386 soei
124 2324 254 2390 Herodi
269 2327 371 2393 Arcus
383 2327 533 2392 Euander
550 2333 733 2392 sanaverat.
761 2324 829 2392 Nec
848 2327 876 2392 is
895 2329 973 2392 deus
994 2327 1096 2392 Victor
1113 2349 1180 2392 um·

53 2451 132 2510 quam
149 2433 335 2518 appellatus
359 2438 417 2518 cet,
440 2435 496 2500 sed
517 2435 729 2518 Triumphalis
747 2435 901 2500 Hercules
925 2434 1030 2500 Plinio
1050 2439 1181 2500 auctore

53 2529 82 2597 Ν.
105 2535 141 2602 Η.
162 2538 315 2624 XXXIV,
340 2541 372 2624 7,
403 2541 457 2624 16,
484 2541 570 2626 quod
594 2541 703 2606 differt
726 2542 767 2606 ab
795 2542 861 2606 illc.
908 2539 1049 2606 Victoris
1073 2547 1181 2608 autem

54 2637 181 2710 Herculis
203 2647 307 2712 duos
328 2646 447 2712 Rome
477 2649 565 2712 aedo
588 2649 696 2732 fuisse,
719 2669 815 2712 unam
839 2649 882 2712 nd
897 2653 1023 2730 portam
1047 2651 1180 2730 imperui-
1195 2663 1255 2704 vm

54 2767 119 2826 rum,
137 2751 268 2818 αὶλοναηι
290 2753 325 2818 in
346 2754 416 2833 soro
439 2753 551 2832 boario,
574 2754 766 2838 planissimo
791 2753 976 2819 testimonio
996 2753 1180 2819 Macrobius

54 2851 105 2920 Set.
124 2857 179 2944 111,
202 2861 223 2928 6
247 2861 429 2944 confirmat,
451 2861 568 2926 harum
593 2861 728 2926 alteram
748 2883 767 2926 a
790 2861 832 2926 llL
856 2861 991 2926 (lotario
1014 2859 1180 2927 Herennio

54 2965 171 3044 quodam
194 2967 362 3034 conditam
381 2991 452 3034 esse
475 2968 595 3034 addens
620 2967 755 3032 Masurii
775 2967 889 3034 Sabini
912 2967 1114 3032 auctoritate.
1152 2968 1179 3032 Ε

55 3089 103 3150 quo
122 3072 260 3140 eflicitur
284 3075 420 3140 alteram
438 3099 503 3140 uon
523 3076 621 3140 aliam
640 3081 736 3161 atque
756 3098 827 3140 eam
847 3097 917 3139 csse
937 3097 1033 3158 quam
1053 3075 1180 3140 devicta

55 3171 156 3244 lebria
177 3179 212 3246 L.
235 3179 415 3248 Mummius
438 3182 614 3264 imperator
633 3187 729 3266 atque
754 3181 972 3264 triumphator
994 3183 1052 3248 deo
1077 3205 1180 3248 sacra-

56 3279 101 3344 rit:
124 3307 217 3369 quam
245 3309 324 3352 sane
352 3287 423 3352 foro
452 3287 573 3366 boario,
602 3309 668 3352 non
691 3291 806 3370 portae
830 3287 1023 3372 trigeminae
1047 3313 1084 3354 eo
1108 3313 1180 3374 pro·

56 3385 172 3456 habilius
199 3394 336 3476 tribues,
363 3413 426 3476 quo
455 3393 613 3458 celebrior
645 3393 730 3478 apud
760 3395 933 3478 scriptores
958 3403 1007 3460 est
1031 3395 1180 3462 Herculis

58 3491 163 3563 infore
186 3501 301 3566 boario
325 3499 423 3564 aedis.
460 3501 581 3576 Quodsi
605 3502 639 3566 iu
663 3501 774 3566 eodem
799 3503 870 3568 loro
895 3504 1006 3568 boario
1029 3503 1180 3568 Herculis

57 3601 126 3668 sedis
143 3605 381 3672 PAMlLlANl
414 3603 477 3691 (sic
501 3607 586 3672 enim
610 3609 772 3692 proditum
797 3607 861 3694 eet)
882 3632 981 3694 prope
1001 3609 1180 3674 Pudicitiae

59 3708 186 3776 sacellum
220 3701 398 3778 collocbtur
425 3735 445 3778 a
473 3712 569 3780 Festo
598 3739 627 3800 p.
652 3717 727 3798 242,
750 3717 802 3798 32,
825 3739 921 3800 (luam
941 3719 1105 3782 rotundam
1129 3714 1180 3780 Li·

59 3811 111 3877 vius
130 3815 166 3902 X,
193 3819 235 3886 23
260 3821 420 3906 appellat,
447 3825 503 3886 aut
530 3821 610 3886 haec
634 3821 783 3888 Herculis
808 3821 950 3888 Victoris
975 3845 1038 3888 non
1062 3823 1124 3886 luit
1146 3827 1181 3887 et

60 3921 136 3988 teriia
168 3927 290 3992 seoedit
326 3933 456 4012 praeter
494 3951 569 3994 arae
603 3931 762 3996 maximae
799 3931 952 3996 sacellum
989 3933 1179 4014 praeterque

63 4019 168 4112 Pompei
185 4031 298 4118 Magni
322 4033 433 4098 aedem
457 4035 543 4119 apud
567 4035 686 4102 circum
711 4037 888 4100 maximum
912 4036 1011 4102 semel
1036 4059 1057 4101 a
1074 4037 1179 4102 Plinio

63 4127 184 4222 XXXIV,
197 4141 225 4223 8,
240 4141 281 4204 57
302 4147 601 4206 commemoratam:
621 4149 717 4228 etque
737 4143 782 4206 ita
802 4143 905 4208 locum
921 4142 1021 4208 babet
1035 4143 1179 4228 pulcher·

125 4299 243 4310 ᾕ-

66 4389 83 4438 l·
98 4383 138 4436 tol
156 4385 202 4440 snb
221 4385 258 4442 lll
277 4403 292 4442 o
311 4387 404 4459 lapide
423 4387 620 4458 bybliothecae
640 4389 821 4460 Barberinae,
841 4391 899 4446 aori
918 4391 1036 4446 incisum
1055 4391 1082 4444 in
1103 4389 1177 4444 Piro-

67 4466 117 4519 sseflii
131 4469 214 4528 sutis
232 4475 395 4547 Capitolinis
414 4496 441 4548 p.
460 4478 515 4534 ⁴6!
554 4479 583 4532 C.
603 4477 660 4550 W.]
