3008 5118
328 416 536 465 nrrrnoavu
560 417 825 478 surrovrssnus.
1084 399 1150 464 275

41 558 189 642 persuadet
220 557 307 632 Quae
331 559 492 643 prosodia,
516 560 542 622 si
566 559 749 625 trochaicus
770 581 880 623 versus
899 559 1063 622 essetnec
1082 579 1149 623 cor-

40 670 128 748 ruptus
157 665 296 749 grauius,
334 665 455 730 servari
488 666 533 730 sio
564 671 709 750 poterat:
742 664 930 750 ‘uectigalia
951 667 962 749 fl
984 664 1151 748 Legcrunt

39 776 123 834 uestra
143 773 174 834 e‘t
195 775 364 836 seruantur
387 773 502 837 statim
524 822 639 838 .....
641 771 650 798 ’
689 771 752 837 Sed
776 795 846 838 esse
869 777 1055 856 corruptum
1079 794 1150 857 par-

39 878 82 940 lin
105 875 278 962 Madvigius
309 878 433 943 viderat
461 877 576 962 Opusc.
605 879 702 963 prior.
729 902 759 964 p.
779 879 831 960 93,
863 879 984 963 partim
1012 877 1093 941 vidit
1116 877 1151 941 in
1198 859 1202 865 ¹

38 983 172 1064 prooemio
196 983 271 1048 anni
293 985 388 1068 1849,
411 985 495 1068 quod
517 989 571 1050 est
593 985 632 1050 de
656 983 815 1069 Sotadeis,
843 984 1070 1050 Lachmanuus
1095 981 1151 1048 So-

38 1089 142 1153 tadeum
163 1089 245 1155 hunc
270 1089 477 1156 conformans
501 1092 565 1175 pl
587 1091 716 1177 [Opusc.
741 1091 771 1156 Il
797 1115 826 1176 p.
843 1091 896 1170 72]
922 1090 1008 1156 haud
1032 1091 1151 1174 impro-

37 1196 153 1260 babilem
175 1197 208 1261 in
231 1199 324 1262 tanta
348 1197 545 1262 obscuritate
570 1199 765 1262 sententiae:
800 1239 802 1243 ν
880 1223 887 1244 ·

141 1329 321 1415 Vectigalia
344 1331 477 1416 egerant
499 1335 622 1414 uestra,
647 1332 679 1394 e't
702 1335 869 1396 struantur
893 1331 1014 1396 statim.

35 1461 106 1528 liter
122 1463 210 1529 testis
229 1465 366 1548 prodeat
384 1465 544 1548 Donatus,
566 1463 600 1529 in
619 1463 824 1532 Phormionis
845 1488 955 1530 versus
971 1464 1011 1548 V,
1025 1467 1055 1550 3,
1070 1465 1090 1530 6
1107 1485 1153 1548 sq.

35 1568 67 1632 sic
87 1569 175 1634 scribi
198 1570 329 1636 solitos:
362 1570 530 1636 ‘Tutatun
554 1593 630 1636 nam
654 1594 691 1637 ex
716 1573 767 1636 his
791 1573 933 1654 praediis
956 1573 1082 1637 talenta
1104 1593 1153 1636 ar·

34 1676 103 1758 genti
125 1675 198 1740 bina
220 1675 230 1760 ΙΙ
254 1675 374 1740 Statim
398 1677 556 1761 capiebat.
596 1679 684 1760 hem,
716 1677 766 1742 uir
789 1679 858 1742 uiro
888 1677 964 1762 quid
989 1676 1153 1762 praestat?

35 1779 124 1847 Binau’
147 1781 301 1866 quae'so‘l’
325 1782 404 1848 haec
428 1789 663 1850 commentatus
687 1807 707 1850 a
729 1784 991 1850 Lindenbrucliio
1015 1781 1154 1867 primum

33 1885 113 1952 edita:
136 1887 257 1954 ‘statim
277 1889 441 1973 capiebat]
466 1892 600 1957 statim
625 1895 790 1976 perpetuo,
814 1891 992 1976 aequaliter
1011 1895 1044 1954 et
1063 1889 1155 1974 quasi

34 2015 82 2056 uno
102 1998 192 2058 statu.
229 1995 380 2060 Plautus:
404 1997 452 2060 ita
475 1997 588 2063 statim
611 2001 699 2062 stant
717 1999 819 2082 signa.
847 2003 880 2062 et
898 1997 997 2062 habet
1015 1995 1155 2080 primam

33 2097 150 2184 longam.
190 2101 320 2184 quando
344 2107 449 2166 autem
480 2103 644 2190 significat
668 2105 754 2169 aliud
780 2107 835 2185 [aa
858 2104 985 2186 ilico?],
1017 2103 1156 2187 primam

34 2203 140 2271 breuem
161 2206 283 2272 habet'
330 2207 419 2284 Quae
443 2209 689 2275 Westerhovius
718 2211 902 2294 suspicatur
924 2209 1047 2275 Donati
1071 2230 1155 2274 com·

33 2314 174 2378 nentariis
198 2337 214 2378 e
234 2313 344 2380 Nonio
369 2315 498 2380 demum
523 2315 706 2398 accessisse,
729 2317 784 2401 qui
804 2316 884 2382 haec
902 2316 1013 2400 posuit
1031 2337 1060 2398 p.
1076 2315 1155 2378 393:

34 2415 154 2484 ‘statim
187 2421 346 2504 producta
373 2423 480 2506 prima
504 2423 632 2507 syllaba
661 2445 680 2486 a
708 2423 823 2488 stando
852 2425 1098 2507 perseueranter
1125 2427 1157 2486 et

34 2526 188 2608 aequaliter
215 2527 388 2612 significat.
435 2529 620 2595 Terentius:
647 2529 726 2595 bina
753 2530 878 2594 talenta
902 2527 1069 2612 capiebam
1092 2531 1157 2592 sta·

33 2629 87 2695 tim.
128 2632 259 2698 Plautus
286 2633 501 2716 Amfitryone:
530 2655 589 2698 nec
612 2634 735 2700 recedit
756 2635 827 2700 loco
852 2635 929 2720 quin
953 2635 1066 2698 statim
1089 2656 1157 2699 rem

34 2743 113 2816 gerat.
140 2739 222 2804 idem
244 2739 281 2804 in
306 2738 432 2804 eadem:
456 2738 504 2804 ita
528 2739 640 2804 statim
660 2743 750 2805 stant
769 2741 863 2824 signa
882 2741 999 2804 omnia.
1032 2739 1157 2805 Ennius

35 2841 125 2908 Aiace:
159 2847 213 2929 qui
246 2867 317 2910 rem
350 2867 422 2910 cum
456 2845 593 2910 Achiuis
626 2849 798 2930 gesserunt
831 2847 953 2910 statim.
1004 2845 1157 2910 Afranius

34 2947 157 3032 Augure:
189 2973 386 3043 quamquam
414 2973 480 3016 non
507 2952 579 3016 istis
608 2955 774 3017 exercetur
802 2951 837 3016 in
861 2951 942 3016 locis
972 2951 1026 3015 hic
1048 2953 1159 3016 noster

35 3051 178 3123 delaborat
201 3081 276 3123 cum
300 3079 380 3142 puer
403 3057 536 3122 statim!
579 3057 667 3134 Quae
692 3057 838 3142 exempla
862 3057 971 3123 omnia
995 3078 1032 3120 eo
1056 3055 1159 3120 curio·

36 3159 87 3224 sius
107 3163 310 3249 expendenda
337 3169 413 3229 sunt
437 3165 644 3250 singillatim,
676 3187 739 3250 quo
768 3165 872 3250 magis
901 3163 1017 3228 mirum
1042 3163 1161 3228 accidit

36 3287 90 3331 csse
110 3269 141 3333 in
163 3271 208 3335 eis
232 3269 359 3336 nullum
388 3293 452 3355 quo
480 3271 657 3336 necessitas
686 3269 908 3354 producendae
939 3270 1084 3354 syllabae
1107 3268 1159 3334 de·

37 3379 218 3460 monstretur,
241 3377 400 3460 quaedam
420 3379 500 3442 adeo
520 3400 603 3463 quae
622 3377 835 3462 refragentur.
860 3375 959 3441 Velut
974 3377 1050 3462 quid
1066 3376 1161 3442 Plau-

37 3477 90 3544 lino
111 3481 141 3546 in
163 3483 404 3568 Amphitruone
429 3507 522 3550 versu
546 3484 571 3568 I,
593 3487 618 3568 1,
642 3485 704 3548 120
726 3484 897 3567 probatur:

70 3607 123 3678 'lta
143 3617 253 3682 statim
278 3620 368 3682 stant
390 3616 485 3702 signa
506 3639 609 3700 nequo
633 3639 697 3682 nox
721 3619 883 3701 quoquam
907 3613 1053 3680 concedit
1076 3615 1137 3699 die,

39 3744 110 3809 cuius
139 3747 231 3816 initio
267 3771 341 3815 eom
374 3748 556 3830 ὀξυτόνηει(
587 3749 754 3836 spondiaci
787 3746 937 3812 vocabuli
968 3745 1051 3810 nihil
1084 3768 1161 3810 sane

39 3851 201 3920 offensionis
226 3855 362 3945 lrabeat,
390 3859 425 3920 at
448 3855 554 3920 minus
579 3855 724 3938 prolecto
748 3853 848 3918 habet
870 3852 1067 3918 iambicum?
1100 3851 1162 3918 Vel

39 3953 94 4036 ipso
115 3959 321 4047 Terentiano,
354 3963 380 4026 ri
408 3963 437 4026 is
466 3983 504 4026 eo
532 3983 595 4046 quo
624 3961 749 4025 codices
778 3961 941 4025 testantur
972 3959 1067 4022 initio
1099 3957 1162 4022 fuit

41 4057 149 4130 ‘Statim
168 4067 351 4153 capiebat'?
382 4067 483 4152 Atqui
503 4066 639 4132 hicnon
660 4071 710 4130 est
730 4087 806 4128 sane
825 4063 887 4126 levi
907 4062 1066 4128 laetorum
1084 4064 1161 4128 olim

42 4169 185 4239 turbarum
213 4175 331 4240 indicio
356 4173 441 4260 quod
469 4173 596 4238 inverso
620 4172 732 4237 ordine
758 4167 927 4252 ‘Capie'bat
950 4167 1072 4234 statim’
1096 4169 1162 4236 No·
1178 4187 1203 4227 ¹³

42 4274 99 4340 nius
120 4281 270 4365 prodidit,
292 4279 424 4344 tametsi
448 4279 534 4363 apud
557 4279 692 4343 eundem
715 4300 745 4360 p.
765 4277 830 4340 254
854 4273 977 4340 ‘statim
1001 4276 1162 4361 capiebat'

44 4384 83 4442 est
102 4389 134 4447 ut
155 4385 187 4449 in
200 4385 403 4450 Terentianis
428 4384 529 4450 libris.
568 4383 630 4450 Sed
653 4387 763 4448 tamen
788 4387 839 4446 sat
862 4383 955 4466 gravi
975 4381 1055 4447 illud
1074 4405 1163 4448 caus·

45 4504 87 4548 sse
113 4485 256 4558 Bentleio
287 4493 350 4558 luit
384 4514 441 4557 cur
472 4492 654 4556 rectissimo
688 4513 739 4555 me
771 4489 875 4555 iudice
907 4511 1003 4554 sensu
1036 4493 1164 4554 servata

897 4597 950 4649 18*
