2972 5120
412 383 693 434 svennnununvu
717 385 751 431 11.
1091 361 1157 428 515

40 531 93 590 test
110 529 214 592 nostra
235 525 396 591 sententia
419 526 498 612 quin
517 527 667 592 binorum
687 529 724 590 ut
742 543 838 607 saepe
853 519 1042 590 Aniciorum
1061 521 1157 588 liber·

39 638 81 698 tus
100 633 227 716 dicatur,
250 630 324 698 lrcsci
346 637 379 697 et
403 631 506 698 Suae
540 634 605 699 Pro
628 655 692 719 quo
715 632 838 698 rariore
858 631 1066 715 praenomine
1086 651 1157 694 cum
1199 709 1203 718 1

38 739 190 824 lapidarius
214 739 235 804 S
259 739 443 824 scripsisset
464 741 664 825 imprudens,
691 740 825 825 cognito
849 758 957 804 errore
981 759 1080 821 supre
1103 758 1158 820 po·

37 845 119 910 sium
148 867 215 914 esse
241 845 269 910 'l'
300 850 334 912 et
361 849 612 912 consentancum
644 851 695 912 est
726 849 760 912 et
792 845 966 911 simillimis
999 843 1157 929 exemplis

37 951 155 1016 evidens.
184 951 283 1018 Velut
304 973 370 1020 non
393 953 492 1018 aliam
514 953 549 1020 in
572 957 699 1039 partem
717 952 806 1018 velet
823 952 858 1018 iu
873 951 1036 1037 Aquilone
1059 950 1157 1016 tltulo

35 1093 62 1158 n
78 1093 107 1158 u.
124 1095 162 1160 n.
180 1095 215 1162 n.
239 1095 307 1161 ab.
326 1093 383 1160 nx
402 1095 430 1162 o
451 1093 499 1184 [c.
523 1095 546 1162 1.
570 1094 606 1161 n.
630 1095 645 1160 1
668 1117 700 1160 n.
721 1095 820 1176 1298]
845 1045 1035 1158 nuvnivs
1059 1092 1157 1176 scrip-

36 1203 103 1285 tura,
124 1223 201 1286 quae
223 1203 289 1288 ipsi
311 1201 466 1269 Henzeno
490 1201 589 1270 Orell.
612 1228 642 1270 n.
662 1204 750 1270 6235
772 1201 879 1269 fraudi
903 1200 978 1266 fnit:
1006 1221 1069 1286 quo
1093 1199 1159 1264 clia

34 1327 85 1371 nou
113 1331 212 1392 pauca
245 1305 326 1376 adde
358 1331 396 1376 ex
430 1311 557 1376 aeribus
591 1311 797 1397 potissimum
830 1311 986 1394 congestu
1011 1305 1157 1372 Indicum

33 1419 194 1481 nostrorum
219 1439 250 1501 p.
272 1407 358 1482 121⁸.
392 1415 504 1502 Ipsam
528 1420 636 1482 eutem
652 1415 841 1480 Aniciorum
864 1419 995 1500 gentem
1014 1413 1048 1477 iu
1063 1410 1157 1476 Prae·

33 1521 148 1590 neslinis
166 1544 232 1588 non
252 1523 430 1608 ignobilem
455 1521 554 1587 fuisse
572 1543 646 1587 cum
668 1528 775 1587 cetera
798 1521 866 1586 eius
890 1519 1030 1585 nominis
1054 1539 1158 1584 exem·

33 1625 76 1708 pla
96 1627 213 1698 iaciunt
235 1631 273 1694 ut
297 1629 477 1695 credamus:
510 1626 779 1694 emulum-F
806 1631 840 1692 et
866 1622 1158 1691 L·AN101·V·F

33 1731 58 1794 P.
74 1732 104 1798 L.
121 1733 162 1800 Μ.
179 1735 219 1802 E.
241 1737 308 1802 tab.
327 1733 425 1820 XLV,
442 1737 506 1802 1.2
525 1734 575 1818 [O.
592 1735 618 1802 I.
637 1736 672 1801 L.
693 1734 709 1799 I
727 1735 820 1801 n'l'l.
836 1735 903 1817 751,
926 1755 988 1818 quo
1004 1727 1158 1795 ANIGIA

32 1837 156 1906 Henaeni
183 1841 309 1912 accedit
336 1841 370 1908 in
394 1842 510 1908 Annal.
533 1843 613 1908 Inst.
637 1842 724 1907 areb.
747 1841 882 1907 21855
905 1863 933 1926 p.
951 1839 991 1904 78
1015 1861 1045 1902 n.
1065 1839 1085 1902 3
1109 1833 1158 1917 [Ο.

32 1941 50 2004 Ι.
62 1943 91 2008 [ι.
108 1945 123 2009 I
138 1971 168 2013 n.
179 1947 245 2032 76],
268 1949 349 2018 item
366 1947 489 2015 ANIOI
512 1949 546 2014 in
569 1949 686 2015 mutilo
706 1949 813 2034 lapide
831 1947 981 2014 Petriuii
992 1969 1022 2031 p.
1037 1945 1111 2028 324,
1124 1943 1159 2008 4:

31 2055 87 2116 tum
112 2057 237 2136 praeter
265 2057 372 2120 cetera
395 2053 602 2122 Petrinianus
631 2055 746 2120 titulus
774 2077 804 2140 p.
823 2053 898 2136 321,
917 2053 957 2119 21
988 2051 1160 2136 persuadet

31 2157 74 2239 qui
91 2161 238 2226 esttalis:
262 2157 412 2248 BASSI)
433 2159 843 2228 ANICIO·AVOHENIO
865 2165 869 2242 Ι
889 2155 1157 2225 sessove·

30 2261 1158 2355 ΡΒΟΟΟΝΒΙΟΑΜΡ-ΡΒΟἯΞΟΒΙ·ΕΝ8Π)ΕΜ·ΡΒΟἯΝΟΙΑΕ·

31 2367 361 2458 ΗΕΒΙΤΙΤἿΤΟΗΙ
376 2410 382 2423 ·
398 2373 616 2442 GENERIS
637 2375 642 2459 Ι
663 2371 951 2441 ANICIORVM
966 2407 972 2420 ·
988 2370 1044 2437 OB
1061 2407 1067 2419 ·
1082 2369 1159 2434 ME·

30 2473 117 2542 RITA
135 2479 140 2564 Ι
159 2479 260 2545 EIVS
278 2479 533 2547 -INLVsnuA
553 2487 558 2563 Ι
579 2480 694 2548 ORDO
710 2517 716 2530 ·
731 2478 955 2556 POPVLVSQ
972 2514 978 2528 ·
994 2475 1158 2560 CIVITA)

29 2579 83 2648 IIS
97 2619 102 2632 ·
115 2583 454 2654 PRAENESTINAE
470 2625 476 2637 ·
491 2588 580 2654 PON
593 2625 600 2637 ·
615 2587 735 2656 GENS.

104 2689 234 2776 Quodsi,
259 2693 338 2779 quid
357 2694 545 2760 Aniciorum
569 2697 704 2762 libertus
727 2694 783 2759 ille
800 2693 901 2759 Gaius
925 2690 1039 2776 egerit,
1063 2711 1159 2774 quae-

30 2793 77 2878 ris,
97 2797 127 2862 in
148 2803 305 2884 promptu
329 2805 379 2865 est
401 2801 615 2885 probabiliter
638 2791 841 2886 respondere.
874 2797 949 2865 Sive
967 2797 1053 2862 enim
1072 2801 1159 2862 recte

30 2898 131 2985 legisse
153 2903 348 2972 Cosconium
372 2905 541 2972 RIANDO
571 2906 744 2974 credideris
774 2905 822 2993 (et
849 2907 884 2970 in
911 2903 1044 2990 reliquis
1073 2907 1159 2970 certe

31 3005 110 3074 fidem
131 3013 186 3078 ille
209 3011 346 3080 minime
369 3011 541 3100 destituit),
566 3037 622 3080 seu
637 3015 721 3080 forte
735 3011 915 3080 R'I'ANDO
930 3012 1040 3097 potius
1060 3011 1159 3093 scrip·

31 3117 86 3178 tum
111 3116 208 3184 fuisse
237 3118 412 3184 conieceris
440 3117 551 3203 (quam
580 3119 753 3186 lectionem
783 3141 849 3186 non
878 3119 1020 3185 excludit
1043 3116 1159 3183 saltem

30 3219 212 3306 dispescendi
235 3225 387 3291 vocabuli
414 3225 499 3292 ratio
528 3223 750 3313 insolentior),
785 3225 887 3292 ullum
916 3225 1002 3312 quod
1030 3223 1160 3310 quidem

30 3323 81 3390 huc
110 3331 242 3414 quadret
275 3331 409 3397 verbum
440 3333 578 3398 latinam
607 3333 753 3420 linguam
781 3339 949 3419 praestare
976 3333 1159 3420 negandum
1175 3347 1208 3387 1x

31 3437 71 3496 est
91 3441 215 3518 praeter
237 3458 339 3503 unum
361 3439 527 3506 comedo:
555 3439 588 3504 id
612 3441 697 3524 quod
723 3462 782 3524 pro
807 3461 841 3504 se
864 3441 944 3526 ipse,
967 3441 1160 3527 quicumque

31 3541 152 3624 experiri
175 3543 280 3628 volet,
312 3565 506 3630 cognoscere
533 3545 703 3632 poterit.*)
754 3547 913 3612 Variaudo
944 3551 1054 3632 sutem
1081 3545 1160 3609 illud

29 3641 100 3712 haud
123 3654 312 3716 cunctanter
330 3651 617 3737 interpretabimur
638 3653 689 3718 vel
707 3647 857 3719 coloribus
875 3653 1089 3735 distinpueudo
1109 3649 1159 3716 vel

31 3749 152 3822 fortasse
170 3779 260 3842 opere
272 3759 438 3840 picturato,
462 3759 530 3825 sive
550 3761 669 3824 tectorio
688 3762 745 3825 aut
764 3759 912 3824 tessellato
932 3758 1042 3840 males,
1064 3757 1160 3820 eoric

28 3863 123 3938 curedo
165 3863 236 3931 Nec
260 3863 481 3932 inhominem
504 3867 658 3932 libertum
687 3866 867 3931 infitiabere
895 3865 960 3930 tale
989 3863 1160 3928 artificium

32 3963 176 4052 inprimis
199 3971 388 4038 convenire:
412 3971 498 4058 quod
521 3972 572 4037 vel
592 3995 667 4038 arae
686 3973 737 4036 vel
756 3971 834 4037 feno
853 3971 905 4037 rel
925 3968 1023 4036 alicui
1042 3967 1161 4034 sacello

32 4069 177 4157 Apollinis
205 4077 390 4144 exornando
419 4079 601 4146 adhibitum
629 4083 688 4143 est.
733 4076 877 4142 Accedat
909 4077 1019 4162 igitur,
1052 4075 1163 4161 siper

71 4227 225 4238 ——-.—-<

107 4307 131 4370 ⁸)
153 4304 206 4360 vix
232 4305 307 4360 enim
335 4307 480 4364 inventum
513 4306 548 4362 iri
576 4306 724 4377 opinamur
756 4303 804 4372 qui
832 4303 911 4360 velut
939 4304 1160 4377 S'I'lltIANDO·

34 4385 232 4448 excussum
251 4394 296 4450 rel
315 4395 421 4465 aliquid
441 4395 533 4450 simile
551 4394 729 4452 commendet
746 4393 889 4462 argutiore
903 4395 1063 4450 mehercule
1078 4411 1162 4466 quam

34 4476 163 4535 subtiliore
181 4487 349 4540 commento.

893 4574 948 4628 83*
