3020 5118
407 377 662 425 conunurnrro
687 379 801 426 rrnros.
1115 363 1177 428 201

129 518 228 584 Multo
250 519 356 604 magis
380 543 400 584 a
422 521 569 586 codicum
592 521 713 586 auxilio
740 521 915 586 destitutus
938 522 1020 587 liber
1043 521 1099 586 XL
1123 527 1181 606 est,

64 629 129 692 cuius
147 627 248 710 capite
264 627 308 692 52
328 649 409 712 quae
429 627 467 692 de
487 627 530 692 M.
546 628 686 694 Aemilio
702 627 823 712 Lepido
838 651 969 695 censore
988 653 1015 696 a
1030 629 1178 694 anxv

62 734 147 798 Livius
172 735 347 800 memoriae
374 733 531 820 prodidit,
560 737 605 801 ric
635 733 806 822 (quantum
836 759 873 801 ex
902 736 1061 804 editorum
1092 737 1180 802 testi·

61 840 154 904 neniis
177 841 324 926 intellegi
348 841 471 928 potest)
495 849 648 928 corrupta
676 848 753 908 sunt
775 867 794 907 a
819 843 975 908 librariis:
999 843 1104 910 ‘Idem
1127 843 1180 908 de·

60 948 156 1011 denuit
181 947 296 1014 aedem
320 949 449 1016 Larium
480 951 699 1036 permarinum
727 951 760 1015 in
784 949 930 1036 Campo.
947 957 1082 1016 uouerat
1110 973 1179 1016 eam

59 1055 130 1119 amis
148 1073 203 1118 nu.
227 1056 336 1136 [imore
355 1059 416 1138 xn]
440 1060 516 1122 ante
535 1058 570 1124 L.
586 1056 744 1148 Aemilius
764 1057 909 1144 Regillus
927 1059 1036 1124 nauali
1058 1059 1181 1144 proelio

58 1161 187 1228 aduersus
212 1161 395 1248 praefectos
418 1165 506 1250 regis
529 1163 684 1230 Antiochi
708 1215 715 1230 .
739 1189 838 1251 supra
861 1167 974 1232 ualuas
998 1165 1110 1252 templi
1134 1171 1181 1230 ts·

58 1251 117 1333 bula
133 1291 202 1335 cum
222 1271 320 1336 titulo
337 1269 398 1336 hoc
413 1271 477 1334 fixa
496 1275 559 1336 est:
583 1269 722 1338 Duello
746 1293 883 1358 magno
906 1273 1064 1358 regibus
1087 1272 1180 1337 diri-

56 1376 170 1441 nendo
193 1383 313 1463 ceput
336 1377 565 1462 subigendis
585 1379 799 1464 patrandae
818 1379 924 1464 pacis
943 1379 1035 1446 haec
1055 1401 1182 1465 pugna

56 1484 189 1548 exeunti
216 1483 251 1549 L.
269 1485 435 1550 Aemilio
459 1484 502 1550 M.
521 1483 678 1550 Aemilii
704 1485 791 1552 lilio
816 1487 995 1570 auspicio
1020 1487 1181 1572 imperio

54 1589 231 1656 felicitate
260 1589 452 1676 ductuque
481 1592 562 1656 eius
589 1593 692 1656 inter
720 1592 913 1677 Ephesum
941 1593 1181 1660 carnuchum-

54 1719 107 1780 que
141 1699 388 1784 inspectante
425 1722 490 1764 cos
524 1701 607 1783 ipso
641 1699 834 1764 Antiocho
871 1701 1043 1766 exercitu
1081 1699 1182 1766 omni

52 1805 213 1886 equitatu
237 1806 538 1890 elephantisque
562 1805 703 1870 classis
731 1806 836 1892 regis
861 1805 1045 1872 Antiochi
1070 1809 1184 1870 antea

53 1912 93 1974 sic
115 1912 220 1978 nicta
243 1913 331 1976 fusa
357 1917 521 1978 contusa
548 1913 759 1998 fugatoque
788 1917 860 1996 est,
893 1913 1025 1998 ibique
1053 1933 1095 1976 eo
1123 1911 1183 1976 die

53 2039 152 2082 naues
184 2020 329 2103 longae
363 2041 443 2084 cum
480 2019 656 2084 omnibus
692 2019 810 2084 sociis
844 2023 980 2104 captae
1013 2037 1108 2084 ux11.
1141 2041 1184 2084 ea

54 2145 160 2208 pugna
190 2131 365 2212 pugnata
397 2149 460 2191 rex
495 2127 712 2192 Antiochus
745 2147 980 2212 regnumque
1012 2127 1095 2190 eius
1128 2125 1182 2190 roi

52 2251 125 2313 crgo
148 2233 281 2296 aedem
305 2231 471 2298 Laribus
496 2233 726 2316 permarinis
751 2233 869 2298 uouit.
905 2233 1016 2298 eodem
1036 2232 1183 2318 exemplo

52 2337 145 2402 tabula
167 2338 202 2402 in
227 2339 305 2403 aede
329 2339 416 2404 Iouis
441 2339 474 2404 in
498 2339 661 2424 Capitolio
685 2363 783 2424 supra
806 2341 919 2404 ualuas
943 2343 1006 2404 lixa
1029 2337 1099 2404 est’
1126 2339 1184 2404 'In

52 2441 91 2506 his
113 2445 219 2510 verbis
241 2445 403 2511 neminem
427 2447 514 2532 fugit
541 2451 591 2510 tot
614 2450 648 2510 et
670 2448 802 2512 lacunas
831 2469 901 2511 esse
925 2450 957 2510 et
981 2445 1184 2528 singulorum

51 2551 193 2632 pessimas
218 2555 431 2638 corruptelas,
465 2575 595 2637 prorsus
618 2559 655 2618 ut
678 2554 824 2639 intellegi
847 2559 1022 2638 nequeant:
1050 2553 1184 2638 ipsoque
1200 2573 1224 2609 ²²

51 2657 75 2719 id
94 2659 280 2724 testimonio
302 2659 423 2724 Atilius
443 2659 696 2726 h'ortunutianus
719 2662 864 2726 declarat
887 2683 962 2725 voro
985 2659 1072 2724 tituli
1097 2661 1184 2744 prin-

50 2764 120 2846 cipio
143 2765 312 2844 commode
336 2769 466 2830 servato
490 2789 519 2850 p.
534 2767 622 2832 2680
642 2767 675 2832 P.
691 2767 770 2850 (324
787 2763 915 2852 (laist.):
939 2767 1051 2832 DrucHo
1074 2787 1185 2848 mupnn

50 2871 207 2936 dirimendo
237 2873 357 2955 regibus
384 2873 565 2956 urbipcudts.
612 2873 768 2936 Nostrum
797 2871 898 2958 igitur
925 2871 959 2936 in
987 2895 1080 2936 usum
1110 2894 1184 2936 con·

53 2979 150 3060 versis,
183 3001 266 3065 quae
294 2977 335 3042 ad
363 2978 620 3043 emendationem
650 2979 700 3044 vel
731 2977 813 3044 Livii
847 2979 1040 3063 interpretes
1073 2979 1123 3042 vel
1152 2979 1184 3042 in

52 3081 214 3150 lllementis
233 3111 263 3172 p.
279 3087 343 3150 616
359 3085 601 3154 Godofredus
617 3085 858 3152 llermannus
878 3087 1094 3170 probabiliter
1112 3109 1185 3152 con·

52 3191 150 3256 tulisse
170 3193 231 3257 visi
255 3197 375 3269 essent,
398 3193 460 3258 hoc
483 3195 551 3258 fere
575 3195 722 3278 exemplo
741 3193 866 3258 laceros
885 3199 1115 3280 truncatusque
1130 3193 1184 3259 Su·

53 3299 163 3364 lumios
186 3300 456 3386 redintegrandos
480 3301 678 3384 putavimus:

54 3400 176 3471 Duelld
200 3409 338 3492 magno
364 3407 596 3491 dirimrtndo,
619 3446 640 3454 -
665 3409 821 3492 regibus
846 3409 1088 3494 subigdndis,

53 3511 161 3578 t'ausei
185 3513 396 3598 patrnndae
419 3516 528 3598 pacis
551 3553 570 3560 -
597 3513 641 3580 od
666 3527 832 3600 pugna'm
856 3517 1012 3580 excitati

54 3613 155 3684 Lucio
178 3619 351 3686 Aemilio
375 3621 493 3686 Msirci
517 3659 537 3666 -
561 3621 650 3687 filio
668 3623 841 3705 praetori

55 3723 111 3790 ltcs
132 3729 240 3792 ce‘ssit
259 3727 429 3810 ptdrio'sc.
454 3765 473 3774 -
497 3729 672 3812 auspicio
697 3729 852 3814 inperio

55 3827 244 3926 l'elicituite
268 3833 459 3918 ductuque
482 3871 504 3880 —
527 3837 607 3900 dius
631 3835 736 3900 inter
757 3835 940 3920 'Epesnm
1165 3837 1186 3898 5

56 3935 188 4004 Samum
212 3939 410 4025 iliumque,
433 3939 709 4026 inopes-trinte
734 3946 849 4028 eopse
875 3941 1040 4008 Antioco

55 4041 128 4108 t'um
145 4047 316 4112 exe'rcitu
335 4047 449 4130 (imni,
464 4049 656 4134 equituttu,
673 4049 906 4134 ele-printis,
921 4049 1062 4114 classis
1082 4049 1185 4134 re‘gis

57 4149 196 4218 Antioei
220 4151 323 4218 uicta
346 4153 431 4218 lusa
453 4191 474 4200 -
498 4157 663 4220 contusa
687 4155 824 4240 fugata
847 4159 914 4221 est.

58 4251 104 4322 lbi
126 4263 165 4324 ed
188 4259 248 4326 die
271 4263 389 4326 netues
413 4262 597 4346 longae-
623 4285 705 4328 cum
729 4263 905 4328 omnibuis
929 4264 1048 4326 ericiis

58 4359 183 4448 Captae
207 4370 380 4434 incensori
398 4369 582 4435 dcmc'rsac
603 4409 623 4416 -
649 4370 744 4434 dulae
767 4368 1038 4456 quadrrtgintu.
1148 4373 1185 4434 ltl

58 4465 102 4532 Ea
124 4479 243 4558 pugna
266 4478 440 4560 pugnata
463 4498 527 4541 rer
550 4513 573 4522 -
596 4475 795 4542 'Antiocds
813 4477 998 4562 proserpit,
