2972 5120
321 349 386 412 516
557 367 700 415 PRISCAE
724 368 951 414 LATINITATIS
974 368 1232 415 EPIGRAPHICAE

320 506 501 573 Brunnium
520 514 668 574 nostrum
686 511 804 593 licebit,
829 511 991 575 artificum
1009 510 1168 576 Italorum
1187 511 1330 595 paucitati
1344 533 1419 574 nous

321 615 389 679 sive
413 615 530 679 artifex
555 616 622 679 sive
647 616 755 700 opifex
771 615 806 680 C.
825 616 986 680 Anicius
1004 615 1039 682 L.
1059 615 1110 681 St
1134 617 1154 680 l.
1173 615 1420 681 Praenestinus:

321 721 453 785 accedat
471 723 541 805 ipse
561 723 675 787 titulus
695 745 806 787 eorum
825 723 1091 788 documentorum
1112 723 1317 805 multitudini,
1336 722 1421 805 quibus

320 832 483 892 maturum
507 829 606 891 fuisse
630 828 714 911 apud
738 828 968 894 Praenestinos
997 830 1077 894 artis
1106 852 1200 894 usum
1227 829 1360 910 vitaeque
1377 827 1422 889 cul·
1478 830 1482 849 ¹

320 939 389 998 tum
413 935 644 1018 elegantiorem
667 934 791 1018 pridem
814 940 1019 1021 perspectum
1043 941 1102 1002 cst.

408 1040 524 1104 Restat
555 1044 593 1104 ut
624 1063 691 1104 rem
724 1044 973 1125 grammaticam
1005 1047 1116 1127 paucis
1149 1043 1351 1127 expediamus.
1392 1042 1422 1104 ,lc

320 1147 458 1231 primum
484 1146 612 1230 quidem
631 1147 783 1228 Apolom's
805 1147 980 1213 declinatio
1005 1172 1087 1232 quae
1111 1154 1144 1214 et
1162 1149 1306 1233 exempla
1321 1149 1423 1212 haberer

320 1260 353 1319 et
372 1277 467 1339 quam
492 1254 665 1336 rationem,
689 1254 769 1318 satis
794 1255 871 1319 olim
894 1256 1077 1339 disputasse
1100 1255 1245 1320 videmur
1262 1254 1355 1318 Musei
1371 1253 1425 1336 phil
1462 1266 1468 1283 ·

318 1362 420 1426 Rhen.
444 1366 466 1425 t.
485 1358 548 1424 XII
572 1383 601 1443 p.
620 1360 681 1423 109
702 1363 735 1422 et
752 1360 818 1424 476
834 1384 880 1445 sq.
901 1364 957 1441 [=
972 1360 1089 1444 Opusc.
1108 1360 1141 1426 Π
1159 1383 1189 1445 p.
1203 1361 1268 1429 493
1282 1361 1365 1444 sqq.],
1382 1383 1425 1442 que

319 1467 398 1531 adde
421 1487 524 1551 nuper
543 1465 629 1530 diota
648 1465 682 1528 P.
697 1463 731 1530 L.
746 1464 789 1528 M.
803 1465 841 1529 E.
864 1465 979 1529 Enarr.
1002 1466 1068 1550 p.3
1087 1470 1120 1530 et
1134 1466 1219 1549 99.*)
1332 1467 1425 1531 Deinde¹

317 1575 476 1657 mopisteri
500 1573 578 1637 dicti
600 1595 659 1656 pro
683 1573 841 1654 crapistris
863 1595 929 1636 non
948 1573 1045 1639 modo
1065 1573 1248 1657 offensioni,
1271 1574 1321 1638 sed
1338 1596 1371 1638 ne
1386 1575 1426 1635 ni·

318 1681 438 1746 rationi
462 1680 592 1765 quidem
617 1680 675 1742 ulli
705 1683 788 1743 sunt.
835 1678 918 1754 Quid
942 1680 1027 1744 enim
1053 1702 1172 1764 quaeso
1196 1680 1384 1758 discriminis,
1409 1679 1426 1741 si

318 1789 476 1853 rationem
506 1791 645 1871 spectas,
678 1785 762 1850 inter
789 1785 879 1849 illam
910 1785 1048 1851 formam
1077 1790 1109 1851 et
1136 1787 1196 1851 has
1225 1793 1275 1852 sat
1297 1787 1426 1852 confessa<

318 1895 490 1960 intercedit
504 1915 586 1978 quae
606 1896 682 1957 sunt
700 1895 824 1956 ‹teatera
842 1893 951 1955 deal-ra
968 1894 1210 1972 dextrovorsum,
1229 1915 1334 1977 sapere
1349 1914 1426 1972 supro.

317 2002 421 2080 insero
439 2002 536 2085 iufra,
554 2001 728 2082 periculum
741 2000 894 2081 periston
913 2021 985 2063 cum
1004 2000 1159 2065 similium
1180 2001 1380 2081 multitudine,
1393 2021 1425 2062 co·

318 2109 413 2172 leeorc
432 2105 590 2193 (relicere)
609 2109 734 2186 cohors,
757 2106 906 2172 Herodes
920 2107 1047 2172 Horclcs
1064 2109 1168 2191 terete,
1190 2109 1269 2172 item
1286 2109 1426 2172 Tcrrrausu

319 2215 475 2279 Tecmessa
499 2237 570 2279 eum
594 2213 764 2278 finitimis?
788 2213 873 2296 quod
896 2233 997 2298 genus
1017 2215 1203 2279 universum
1227 2215 1361 2278 breviter
1379 2233 1426 2295 per·

318 2320 420 2384 secuti
444 2341 555 2383 sumus
578 2319 721 2386 Menum.
745 2321 845 2404 epigr.
869 2321 967 2385 trium
992 2344 1021 2404 p.
1040 2319 1086 2384 IX
1107 2322 1221 2404 [supra
1244 2343 1274 2406 p.
1296 2321 1363 2400 172]
1380 2341 1425 2400 sqq.

317 2425 393 2492 Solo
416 2427 518 2511 igitur
541 2427 701 2491 arbitratu
723 2427 854 2510 linguae
872 2427 1034 2510 posterior
1052 2432 1143 2491 aetas
1162 2429 1340 2510 mapalium
1357 2423 1424 2489 sinul

317 2539 350 2599 et
375 2536 587 2617 inopistcriuru
615 2534 780 2618 probavit,
817 2537 854 2597 ut
880 2534 1058 2598 ministram
1087 2539 1120 2598 et
1146 2536 1358 2600 ncinmterium:
1387 2551 1424 2615 pro

317 2643 443 2727 quibus,
468 2642 494 2705 si
519 2640 615 2705 modo
638 2641 828 2723 placuisset,
854 2644 986 2723 poterat
1009 2641 1108 2723 etiam
1130 2643 1323 2724 erupisti-ium
1344 2637 1424 2702 etui-

315 2751 463 2813 a-istricoa
483 2746 628 2811 adscisci.
656 2747 695 2811 In
715 2747 767 2811 his
787 2751 894 2811 autem
914 2747 975 2810 etsi
995 2747 1172 2812 subsistere
1190 2770 1330 2831 possum,
1346 2751 1424 2810 mun

316 2877 381 2920 non
413 2855 548 2919 verebor
577 2853 663 2916 ultra
695 2853 847 2936 progredi
878 2853 1102 2918 ratiocinando
1134 2877 1270 2938 eamque
1299 2855 1422 2920 rationu.

317 2963 378 3026 iarn
418 2959 631 3027 confidentius
670 2960 894 3024 commendare
931 2982 1028 3043 quarn
1065 2960 1086 3025 l.
1113 2984 1138 3026 s.
1166 2985 1190 3027 s.
1220 2985 1251 3046 p.
1274 2961 1318 3026 Xl
1344 2963 1422 3040 [supra

316 3092 345 3151 p.
368 3070 444 3148 174]
470 3067 578 3131 adnot.
601 3087 673 3129 cum
698 3065 899 3129 dubitatione
923 3066 1163 3149 significatam:
1186 3072 1223 3132 ut
1247 3067 1357 3151 triplici
1377 3085 1422 3127 su-

316 3176 473 3256 cessione,
502 3174 568 3236 sive
592 3172 834 3257 quadruplicem
863 3171 996 3254 dixeris,
1028 3172 1142 3256 lingua
1165 3174 1312 3238 credatur
1335 3195 1352 3236 a
1372 3169 1423 3233 nol·

316 3280 452 3343 lioribus
475 3279 589 3343 formis
613 3301 727 3342 exorsa
747 3278 787 3342 ad
806 3283 1044 3343 contractarum
1067 3280 1273 3364 asperitatem
1293 3277 1423 3343 transiisse

315 3387 349 3449 iu
374 3409 472 3469 caque
496 3409 554 3468 per
577 3391 697 3449 certam
722 3390 860 3450 aetatem
886 3389 1073 3450 constanter
1101 3387 1298 3470 perstitisse,
1327 3385 1361 3449 ab
1383 3381 1422 3443 hu·

315 3496 423 3557 autern
447 3492 565 3556 duritie
589 3515 647 3575 per
666 3492 833 3556 decursum
859 3493 976 3556 saeculi
997 3492 1102 3576 quinti
1126 3492 1166 3556 ad
1190 3493 1354 3576 pristinam
1373 3509 1420 3550 sus·

314 3603 450 3666 vitatem
474 3622 602 3664 reversa
630 3601 675 3663 eis
700 3600 827 3664 deinum
856 3599 1070 3683 temporibus,
1098 3600 1215 3683 quibus
1239 3604 1288 3664 est
1309 3621 1327 3662 a
1346 3591 1421 3680 poeti<

280 3735 301 3773 x
317 3713 349 3772 ct
369 3706 581 3791 scriptoribus
601 3708 736 3790 exculta,
756 3707 936 3790 asperiores
956 3705 1077 3770 formas
1096 3710 1183 3772 certo
1203 3711 1419 3792 temperamento

314 3837 385 3880 oum
410 3815 526 3879 dilectu
551 3813 690 3897 quodam
715 3813 935 3876 resuscitasse.
981 3811 1072 3888 Quod
1097 3831 1199 3896 genus
1223 3813 1319 3877 latius
1339 3818 1418 3894 patcrr

314 3921 514 4006 intellegitur
551 3944 646 4004 quam
680 3919 732 3984 eui
764 3941 835 3983 cum
867 3920 1047 4003 pulvisculo
1081 3919 1292 3986 exhauriendo
1322 3917 1365 3982 hic
1389 3911 1415 3974 al

313 4030 404 4094 locus
428 4030 532 4093 datus.
638 4027 749 4093 Tertio
774 4028 843 4092 loeo
868 4026 1065 4112 designanda
1088 4030 1139 4092 est
1160 4048 1263 4092 corore
1285 4025 1415 4108 scriptuo-

401 4295 427 4361 *)
448 4295 608 4364 [Praeterea
627 4293 714 4347 addas
729 4310 830 4346 novum
846 4291 1004 4361 exemplum
1020 4287 1193 4346 APOLONE
1212 4289 1281 4360 quod
1294 4283 1374 4358 prodiit
1386 4291 1406 4326 11

312 4381 492 4450 inscriptione
516 4382 634 4448 Calena,
663 4399 734 4450 quac
758 4381 784 4434 in
805 4381 888 4434 tertio
912 4379 1023 4434 Priscae
1047 4381 1125 4434 latin.
1150 4379 1288 4450 epigraph.
1308 4370 1399 4441 suppleo·

313 4489 339 4538 p.
358 4471 392 4522 111
414 4471 495 4538 (iufra
514 4491 540 4540 p.
556 4475 618 4527 5¹20)
638 4475 667 4524 ct
685 4473 712 4525 iu
733 4471 830 4524 tabula
849 4469 959 4522 adiecta
978 4469 1030 4522 sub
1050 4469 1075 4522 A
1095 4468 1173 4522 edita
1191 4473 1240 4523 est.
1273 4465 1299 4520 C.
1312 4459 1357 4530 'ri-l
