2984 5122
792 1143 950 1226 XVIII.

371 1319 526 1401 Priscae
553 1317 772 1399 latinitatis
801 1315 1077 1457 epigraphicac
1105 1312 1367 1416 supplementa

778 1462 964 1544 quinque.
1451 1451 1452 1454 ‘

827 1659 932 1666 —-—-

674 1819 983 1914 Supplementum
1011 1815 1077 1916 1³⁸)

647 1975 727 2045 (oum
746 1975 844 2030 ecura
861 1971 1109 2044 rreuogmpnam).

252 2178 290 2216 111
394 2139 677 2204 Monumentorum
700 2139 740 2203 ad
759 2139 900 2222 priscam
918 2137 1119 2202 latinitatem
1138 2136 1420 2218 spectantiumque
1451 2187 1452 2190 ,

305 2248 394 2310 niam
418 2247 576 2330 singulari
598 2247 714 2311 horum
738 2246 917 2312 studiorum
937 2243 1092 2309 beneficio
1116 2243 1154 2306 fic
1171 2246 1210 2306 ut
1227 2265 1311 2308 nora
1326 2243 1357 2306 in
1371 2240 1420 2302 dies
1451 2267 1452 2330 γ

306 2375 397 2438 seges
426 2358 619 2437 succrescat,
651 2354 746 2418 facile
776 2352 994 2437 praevidimus
1028 2373 1100 2416 eam
1127 2371 1256 2434 quoque
1283 2350 1421 2433 syllogum,

306 2483 369 2543 qua
392 2459 561 2523 titulorum
586 2461 800 2524 vetustiorum
819 2460 1011 2524 varietatem
1029 2457 1063 2522 in
1082 2480 1181 2522 unum
1199 2478 1315 2541 corpus
1332 2472 1420 2537 eogere

305 2589 408 2650 nuper
432 2566 647 2649 instituimus,
675 2566 764 2630 brevi
793 2565 950 2650 temporis
979 2565 1085 2650 spatio
1109 2564 1279 2629 interiecto
1301 2581 1420 2627 mancam

306 2674 505 2737 exstituram.
542 2672 583 2736 Ei
608 2673 709 2757 igitur
732 2673 936 2738 incommodo
959 2677 996 2736 ut
1018 2674 1175 2755 quantum
1198 2671 1234 2735 in
1250 2671 1343 2736 nobis
1358 2680 1420 2731 esset
1451 2721 1452 2740 ,

305 2779 520 2862 mederemur,
556 2779 857 2863 supplementorum
890 2779 974 2844 serie
1005 2778 1145 2863 quadam
1178 2778 1331 2843 continua
1358 2771 1421 2857 apud

306 2886 449 2949 animum
474 2885 645 2950 statuImus
670 2886 892 2970 epigraphices
920 2887 1119 2951 incrementa
1147 2885 1207 2950 illa
1235 2885 1341 2950 omnis
1360 2901 1421 2946 com·

306 2992 411 3074 plecti.
457 2992 625 3057 Faciemus
650 2996 759 3058 autem
787 2993 849 3058 hoe
877 2994 925 3057 ita
948 2997 984 3057 ut
1007 2993 1133 3071 eodem,
1156 2991 1243 3076 quod
1267 2991 1299 3055 in
1322 2988 1420 3072 sylloge

306 3100 365 3162 illa
398 3100 497 3163 secuti
531 3123 655 3184 sumus,
689 3101 823 3165 consilio
861 3099 1098 3164 commentandi
1133 3099 1275 3182 opellam
1305 3097 1420 3161 nostram
1451 3087 1452 3110 ³

306 3205 508 3289 lithographi
532 3206 703 3270 artificium
727 3207 899 3272 comitetur
923 3206 963 3270 ad
986 3206 1053 3271 veri
1073 3204 1317 3269 similitudinem
1332 3197 1419 3265 titulos
1451 3267 1452 3290 ,

306 3334 450 3396 quosque
484 3335 580 3396 quam
611 3315 680 3377 fieri
713 3318 821 3397 potest
853 3314 1093 3379 accuratissime
1127 3309 1342 3395 exprimentis.
1385 3301 1419 3366 ΕΙ
1451 3317 1452 3320 ’

306 3441 416 3483 eorum
451 3419 568 3503 igitur,
606 3421 660 3504 qui
691 3422 757 3486 iam
789 3444 874 3485 nune
906 3421 940 3485 in
971 3421 1125 3504 promptu
1157 3422 1247 3501 sunt,
1283 3413 1418 3480 titulomm

306 3548 440 3591 rnrnrero
470 3526 504 3588 in
537 3527 670 3590 tabula
700 3527 822 3610 prima
851 3527 911 3592 sub
934 3528 966 3592 A
1000 3549 1073 3591 eum
1100 3525 1325 3610 proposuimus
1348 3535 1417 3602 quem

306 3634 490 3716 nuperrime
512 3654 613 3716 prope
628 3633 765 3698 Romam
785 3633 825 3697 ad
845 3634 957 3698 aedem
972 3632 1014 3698 ‘S.
1030 3632 1173 3696 Lorcnzo
1192 3631 1278 3696 fuori
1297 3630 1325 3694 le
1341 3615 1417 3690 mure'

306 3743 484 3823 repertum,
517 3761 590 3804 mox
619 3741 814 3804 translatum
843 3742 876 3805 in
903 3762 1049 3805 museum
1073 3736 1309 3824 Capitolinum,
1333 3735 1416 3798 humi·

305 3847 439 3911 nissime
458 3848 495 3910 ut
515 3848 598 3912 solet
617 3847 778 3912 Henrieus
797 3846 959 3913 Brunnius
978 3851 1087 3913 noster
1106 3845 1282 3932 misit***)
1311 3837 1415 3918 Inscrip

395 4038 420 4107 *)
442 4039 628 4109 [Prooemium
649 4041 751 4095 indicis
775 4041 931 4095 scholarum
955 4041 1134 4095 hibernarum
1153 4037 1332 4093 Bonnensium
1352 4042 1414 4084 mue

306 4152 367 4187 rrum
387 4121 623 4184 Ciolocccixli
643 4135 672 4185 et
690 4131 786 4184 LXIII.
824 4131 852 4184 C.
868 4129 925 4200 W.]

377 4226 419 4294 *Ἴ
440 4221 561 4294 [Tabula
589 4220 656 4273 olim
683 4220 749 4273 huic
778 4217 1007 4274 commentationi
1033 4219 1142 4273 adnexa
1169 4234 1242 4272 nunc
1268 4215 1315 4269 snb
1337 4229 1359 4264 n.
1379 4199 1411 4257 Il

307 4315 409 4367 iterata
426 4317 475 4368 est.
514 4313 541 4364 C.
559 4311 614 4380 W.]

361 4401 417 4472 ***)
438 4401 548 4472 [Editus
568 4415 640 4453 perne
659 4401 702 4452 est
720 4400 748 4452 C.
765 4398 783 4453 l.
800 4398 830 4453 L.
846 4399 857 4451 I
873 4405 979 4453 n.1503
999 4416 1025 4467 p.
1041 4402 1105 4463 5563
1125 4394 1196 4463 Vl,l
1218 4399 1308 4450 magt,
1340 4379 1410 4450 ow,
