3040 5122
394 415 544 462 siranus
569 417 784 464 ausculanus.
882 392 885 402 '
1115 396 1157 458 93

47 557 207 638 scripturam
236 557 435 642 intellegitur
458 559 489 624 h.
513 581 538 624 e.
561 558 662 623 ferme
687 541 872 623 centenario
896 561 970 640 post
993 553 1028 618 L.
1053 553 1156 620 Mum-

45 663 120 724 mium
138 683 289 728 annorum
306 664 421 748 spatio.
458 662 527 730 Nee
546 663 683 729 conferri
704 659 1037 728 COMPIIOIIIISISII
1057 659 1158 726 COM-

45 767 318 834 POSEII'IIRVNI'
341 767 655 835 COMPERIETVR
683 777 715 834 et
739 775 878 854 cognata
908 773 1054 852 possunt,
1083 789 1156 833 eum

43 875 177 959 antiquior
195 871 284 940 OOII
305 898 402 961 quam
418 875 503 942 CON
526 879 630 942 forma
643 877 755 941 fuerit:
782 880 817 939 ut
834 873 1066 960 propemodum
1085 897 1157 958 pro·

41 984 111 1063 picra
132 983 212 1046 inter
234 1005 268 1046 sa
293 980 379 1049 CON
403 989 436 1048 et
458 983 508 1048 III
532 1007 628 1068 quam
646 981 694 1047 IN
720 987 753 1047 et
771 979 858 1046 CON
883 983 963 1064 sint,
990 982 1157 1066 multoque

40 1089 133 1152 rectius
154 1110 224 1154 cum
248 1089 347 1154 IMP-
371 1091 451 1156 iliud
475 1099 679 1176 comparetur
702 1089 786 1174 quod
810 1091 843 1154 in
869 1089 944 1154 Scto
968 1089 1007 1154 de
1026 1088 1101 1153 Bac.
1125 1093 1157 1152 et

40 1194 263 1262 t'OIIVOVISII
284 1195 634 1264 etOOVENTIONID
651 1197 881 1282 scriptumest,
905 1219 966 1282 pro
986 1181 1210 1278 uurrrquarirvu

40 1309 124 1368 autem
145 1307 177 1368 et
199 1305 388 1369 tantumdem
412 1303 633 1382 NVNOVAM
658 1305 693 1369 in
716 1303 905 1388 Scipionum
928 1305 1027 1368 titulo
1050 1325 1157 1368 recen·

38 1409 149 1488 tissime,
171 1409 453 1477 TANTVNDEM
476 1413 509 1478 in
534 1413 604 1496 Iege
629 1411 768 1496 agrarm.

105 1517 220 1583 Contra
242 1517 323 1583 haec
342 1519 451 1584 omnia
469 1541 566 1584 unam
586 1525 714 1584 tantum
734 1519 818 1602 lapis
838 1517 1014 1583 Vaticanus
1034 1523 1157 1584 certam

37 1627 125 1688 nomm
147 1626 264 1691 aetatis
288 1625 506 1691 Mummiunae
531 1624 680 1708 ostendit,
703 1625 857 1690 emissam
881 1625 916 1688 in
936 1623 1069 1690 SIGNV
1089 1627 1157 1692 v.8

37 1753 58 1792 m
76 1731 206 1796 litteram
231 1731 380 1816 finalem,
403 1755 598 1818 quemquam
622 1731 743 1796 ibidem
767 1737 817 1796 est
840 1729 1006 1798 AEDEM.
1051 1731 1157 1808 Quam

37 1836 261 1920 detractionem,
290 1839 549 1924 perfrequentem
579 1839 712 1904 sanein
739 1837 975 1922 antiquissimis
1000 1861 1082 1924 quaa
1106 1861 1159 1904 ex·

36 1948 105 2008 stant
129 1947 359 2030 monumentis,
391 1945 446 2011 sed
470 1945 677 2032 [constantem
705 1969 745 2011 na
774 1947 808 2010 in
838 1946 889 2010 his
918 1947 1061 2030 quidem,
1092 1967 1158 2012 non

36 2051 140 2118 inuenio
171 2055 260 2120 ultra
298 2053 429 2138 septimi
468 2053 589 2118 saeculi
622 2053 727 2137 prima
760 2053 914 2118 decennia
947 2074 1158 2138 progressam.

37 2155 101 2222 Iam
118 2159 334 2226 CORNELIO
353 2163 388 2224 et
406 2158 513 2226 OINO
533 2165 566 2224 et
586 2157 793 2224 DVONORO
812 2157 990 2226 OPTVIIO
1006 2167 1039 2224 et
1058 2160 1158 2226 COR·

36 2261 110 2328 slus
133 2265 387 2343 ALERIAQVE
417 2265 537 2332 VRBI]
566 2272 598 2330 ot
622 2265 756 2350 AEDE,
784 2265 840 2330 sed
868 2267 963 2332 simul
993 2265 1157 2333 LVCIOM

36 2367 210 2438 scipioni]
238 2373 342 2439 habes
365 2373 400 2438 in
426 2371 458 2438 L.
483 2371 637 2456 Cornelii,
661 2371 796 2437 Barbati
821 2373 841 2438 f.
865 2375 1027 2458 sepulcro:
1055 2373 1157 2438 Tav-

36 2474 143 2544 rasin
169 2479 366 2546 OISAVNA
398 2477 577 2566 SAMNIO,
612 2479 667 2544 sed
695 2477 819 2544 ΟΜΝΗ
849 2477 1093 2545 LOVOANAM
1124 2481 1157 2546 in

36 2581 116 2664 ipsius
137 2585 287 2650 Barbati:
312 2584 504 2650 AETOLIA
526 2587 561 2652 in
584 2585 661 2650 anni
684 2587 750 2650 565
768 2585 949 2651 Tusculana
968 2587 1020 2652 Or.
1043 2611 1074 2652 n.
1092 2589 1159 2652 562

37 2685 72 2764 [C.
88 2689 108 2754 1.
124 2691 157 2757 L.
174 2691 188 2756 I
208 2717 239 2758 n.
259 2693 340 2778 5343
363 2692 397 2757 P.
416 2692 450 2757 L.
465 2692 508 2758 M.
526 2693 564 2758 E.
584 2694 649 2758 tab.
669 2691 790 2758 XLVII
802 2693 875 2757 ΕΞ
886 2691 989 2758 LXIX
1001 2694 1067 2774 E]:
1087 2715 1159 2759 con·

38 2797 76 2858 tra
91 2819 199 2884 magna
218 2800 392 2886 diligentis
411 2797 555 2866 achItum
575 2821 606 2864 ru
620 2801 653 2864 in
669 2797 727 2864 SC.
743 2799 780 2864 de
798 2799 1011 2864 Baranalibus
1028 2800 1159 2884 ubique:

36 2921 122 2968 rursus
140 2911 246 2971 autem
267 2907 353 2972 eirca
372 2929 400 2972 a.
419 2909 485 2974 580
504 2907 537 2972 in
556 2905 652 2971 titulo
673 2905 705 2970 P.
721 2905 880 2990 Scipionis
900 2905 1039 2970 flaminis
1060 2907 1158 2972 semel

37 3009 192 3093 neglectum
224 3015 258 3078 in
283 3012 465 3096 GRIIMIV,
493 3013 621 3098 saepius
647 3013 789 3078 additum
815 3013 847 3078 in
872 3010 1038 3077 APICEM
1063 3009 1160 3078 GLO-

38 3109 124 3180 RIAM
142 3117 349 3186 IIAIORVII
368 3117 653 3184 PROGNAI'VM:
678 3119 755 3185 item
780 3120 962 3204 promiscue
987 3119 1019 3184 in
1039 3119 1073 3184 L.
1093 3119 1159 3186 Sci·

39 3221 121 3298 pionis
149 3227 332 3310 quaestoris
361 3227 456 3292 titulo
489 3227 599 3310 paullo
623 3231 699 3311 post
722 3249 750 3292 a.
774 3229 838 3292 588
863 3225 1014 3292 ΒΕΟΕΜ
1039 3226 1159 3292 ΑΝΤΙ-

40 3323 116 3392 OCO:
141 3340 305 3416 postremo
336 3333 421 3398 circa
444 3355 472 3398 a.
495 3333 560 3398 615
583 3333 618 3396 in
641 3333 737 3398 titulo
761 3332 795 3396 L.
819 3331 994 3416 Scipionis,
1019 3333 1158 3418 Hispani

40 3440 172 3512 praetoris
190 3440 228 3523 t,
252 3437 413 3504 MAGNI
433 3439 681 3523 SAI‘IENTIA,
705 3441 759 3504 sed
780 3441 875 3506 simul
895 3445 927 3504 et
947 3439 1159 3526 SAxSVrm

42 3545 63 3600 et
82 3539 302 3624 NVNQVAM.
349 3547 428 3612 Post
452 3547 534 3612 'haec
565 3555 672 3614 autem
697 3548 794 3631 plena
818 3547 979 3632 scriptura
1002 3547 1159 3630 perstitIt:

42 3647 86 3710 soli
112 3653 191 3717 enim
223 3654 399 3738 sculptoris
432 3653 534 3718 errori
566 3651 771 3719 tribuendum
806 3677 874 3717 esse
908 3653 993 3737 quod
1027 3655 1058 3718 in
1089 3655 1159 3738 lege

43 3759 144 3834 apuria
172 3759 324 3826 EXTRA
340 3795 345 3808 ·
364 3759 519 3825 VIIBEII
535 3795 540 3808 ·
555 3759 679 3825 ROMA
713 3767 746 3826 et
779 3757 1046 3826 SENTENTIA·
1071 3759 1159 3824 DEI·

44 3858 118 3926 uro
140 3871 170 3931 et
193 3865 720 3944 PEQVNIA·SI¹R1PTVRAM·
737 3865 1018 3932 VECTIGALVII
1046 3871 1160 3950 exstat,

45 3961 99 4032 hinc
118 3971 312 4060 intellegitur
335 3975 421 4060 quod
450 3973 613 4040 contrario
638 3975 709 4039 vitii
732 3996 848 4060 genere
874 3975 906 4038 in
930 3974 1062 4038 eandem
1086 3973 1161 4038 irre·

49 4091 113 4148 pscre
134 4078 193 4144 IN·
208 4081 381 4146 VRBEM·
397 4079 571 4156 OPPIDO·
588 4079 690 4146 VICO
719 4087 750 4144 ct
773 4080 832 4144 En
845 4115 850 4126 ·
862 4077 1159 4148 POSSESIONEII

50 4184 69 4238 ct
86 4179 320 4254 PROPIOIIEII
334 4225 340 4236 ·
356 4187 446 4252 DIE:
470 4187 623 4253 similiter
646 4195 741 4272 atque
765 4189 798 4252 in
822 4187 927 4273 legens
951 4185 1160 4252 Puteolanam

51 4289 519 4378 aneIEXTItA·PAR1E'rE‚
542 4295 621 4359 item
644 4295 743 4359 semel
768 4293 845 4359 Ab·
861 4293 1103 4360 aaut-aulis
1128 4295 1160 4358 in

116 4517 204 4591 ⁸][Ot.
223 4523 296 4580 Mon.
316 4523 402 4595 epigr.
421 4527 456 4582 tr.
476 4525 559 4592 (inira
578 4543 603 4578 n.
620 4523 654 4587 Υ)
674 4541 698 4592 p.
722 4531 761 4578 16,
800 4523 827 4578 C.
843 4525 899 4594 W]
