2972 5120
315 338 379 402 556
552 355 697 402 Pmscau
723 355 946 402 LATINITATIS
970 355 1221 402 EPIGRAPHICAll

315 497 442 581 quidem
470 519 602 580 prorsus
628 499 863 562 consentientes
887 498 1013 562 habeat
1063 495 1132 562 Nec
1156 497 1238 561 enim
1260 497 1364 580 prioris
1386 496 1421 559 in·
1477 541 1478 600 ,

315 604 523 688 scriptionem
547 603 642 667 aliter
664 604 727 668 nisi
751 604 797 667 sic
820 603 990 688 legendam
1015 603 1246 668 existimamus:

483 724 1287 808 cacanus-onnocnrvs·fucrr
1376 701 1380 709 ’

230 885 297 923 xvn
313 877 372 918 nec
397 855 534 917 alterum
559 857 801 916 monumentum
821 853 986 936 antiquius
1005 853 1133 917 saeculo
1157 857 1267 917 octavo
1286 851 1425 931 credimus,

315 961 397 1024 unde
421 981 618 1044 consequens
647 964 697 1024 est
723 963 760 1023 ut
783 959 949 1023 Gabinio
975 957 1117 1024 Caleno
1147 958 1270 1024 dativos
1298 959 1426 1041 interpre-

314 1070 427 1148 temur,
454 1088 519 1132 non
546 1066 773 1131 nominativos.
814 1065 936 1130 Verum
963 1089 1029 1130 non
1059 1066 1165 1130 minus
1193 1065 1378 1130 confidenter
1399 1065 1427 1126 de

313 1177 443 1254 paterae
477 1172 641 1237 Atilianae
674 1176 706 1236 et
738 1173 876 1238 lectione
910 1178 941 1236 et
973 1175 1078 1236 aetate
1115 1172 1345 1236 adversandum
1376 1192 1428 1232 esse

314 1278 514 1343 Mommseno
535 1279 773 1370 intellegimus.
820 1279 881 1355 Qui
905 1279 990 1363 quod
1013 1280 1047 1344 in
1070 1285 1184 1362 patera
1206 1301 1270 1344 non
1293 1300 1357 1342 esse
1377 1275 1428 1338 ·ll·

315 1381 471 1466 ATllIO,
504 1384 558 1447 sed
592 1387 646 1449 ·l(
667 1382 834 1451 ·ATll‹IO
873 1386 1030 1469 scriptum
1064 1389 1178 1448 narrat
1209 1388 1322 1449 contra
1354 1386 1429 1466 atque

314 1490 519 1554 Detlefsenus
544 1497 576 1555 et
600 1493 706 1555 verbis
730 1496 869 1557 testatus
898 1496 948 1556 est
976 1495 1008 1555 et
1032 1491 1221 1556 delineando
1245 1497 1320 1556 ante
1342 1489 1429 1554 oculos

313 1599 421 1680 posuit
440 1604 472 1662 et
491 1599 659 1681 quaerenti
679 1597 852 1662 identidem
873 1598 1049 1662 affirmavit
1066 1597 1340 1682 adseveravitque,
1356 1596 1430 1660 fiden

313 1705 398 1788 apud
422 1728 472 1768 me
496 1727 560 1770 non
579 1704 706 1769 facilius
725 1706 850 1769 invenit
867 1728 963 1789 quam
983 1705 1069 1789 quod
1088 1705 1164 1768 illas
1183 1705 1310 1769 scilieet
1328 1705 1429 1767 litteras

204 1829 207 1834 “
312 1835 407 1894 posse
432 1813 569 1876 fortasse
594 1809 614 1875 b
639 1809 916 1878 O·AlelOram
938 1812 1003 1896 legi
1021 1811 1208 1876 dubitanter
1226 1809 1351 1876 conicit
1380 1807 1430 1873 t'a

312 1919 393 1982 illud
418 1921 484 1983 ullo
508 1921 603 1984 modo
626 1920 799 2002 persuadet
821 1921 905 2004 quod
929 1922 1061 2002 paterae
1087 1917 1334 2002 inscriptionem
1354 1921 1431 2000 negat

312 2048 371 2108 pro
396 2026 535 2109 simplici
559 2026 650 2110 figuli
674 2026 803 2090 nomine
826 2025 1050 2110 communique
1073 2026 1216 2089 fabricae
1239 2028 1320 2089 nota
1341 2022 1430 2087 baberi

312 2154 421 2214 posse:
446 2131 527 2194 unde
552 2132 786 2197 consectarium
814 2154 884 2196 esse
913 2135 950 2196 ut
976 2132 1056 2195 item
1078 2131 1188 2196 dativo
1212 2153 1290 2196 casu
1313 2131 1429 2215 positun

312 2236 450 2301 Atilium
475 2238 583 2301 animo
608 2238 818 2303 informemus
847 2238 899 2303 eui
926 2239 1047 2302 donata
1074 2239 1124 2302 vel
1147 2239 1313 2303 destinata
1333 2239 1371 2301 sit
1391 2259 1429 2319 pa·

312 2348 391 2427 tera,
415 2345 608 2428 antiquioris
629 2351 735 2409 autem
757 2345 873 2410 aetatis
893 2339 1125 2429 cogitationem
1147 2347 1259 2429 procul
1278 2345 1429 2409 habeamus

312 2452 517 2534 quantumvis
542 2452 634 2536 gravi
658 2452 776 2516 indicio
802 2448 821 2514 b
846 2452 968 2536 figurae
988 2452 1154 2516 munitam.
1188 2451 1239 2515 Ad
1259 2451 1337 2516 haec
1354 2450 1430 2534 igitur

313 2557 494 2641 repellenda
518 2557 627 2621 omnia
650 2558 813 2621 communi
836 2562 1027 2640 argumento
1046 2556 1108 2621 hoc
1127 2561 1201 2622 utor
1215 2559 1302 2643 quod
1321 2559 1350 2621 in
1368 2555 1430 2641 figli-

311 2665 362 2728 nis
386 2664 516 2729 Oalenis
540 2662 595 2747 (ad
619 2685 755 2746 quorum
779 2664 966 2728 societatem
995 2663 1049 2727 vix
1072 2664 1184 2728 dubito
1208 2666 1309 2729 etiam
1332 2661 1429 2728 Detlel·

313 2773 382 2835 seni
406 2776 552 2855 pateram
577 2767 710 2854 referre)
734 2791 798 2833 non
822 2793 921 2833 unum
941 2792 999 2833 nec
1017 2793 1129 2854 pauca,
1152 2772 1207 2835 sed
1227 2772 1332 2836 multa
1349 2790 1428 2834 erem·

312 2878 366 2960 pla
390 2879 537 2960 inscripti
561 2873 772 2940 K-ATItIO
796 2876 949 2959 nominis,
973 2878 1074 2940 etsie
1098 2877 1227 2961 quidem
1252 2879 1373 2962 scripti,
1391 2898 1427 2939 er·

312 2985 641 3049 stareGuidobaldius
656 2987 795 3047 testatus
815 2987 872 3066 est,
891 2984 981 3047 cuius
1001 2984 1099 3048 verba
1117 2984 1194 3049 fasc.
1208 2984 1258 3050 ΙΙΙ
1275 3010 1305 3070 p.
1319 2983 1426 3063 Xlllsq.

313 3093 404 3171 [532]
420 3093 522 3173 posui.
547 3090 611 3155 Tot
630 3095 737 3154 autem
752 3090 893 3155 eiusdem
913 3091 1041 3174 generis
1060 3097 1272 3157 monumenta
1291 3115 1361 3158 num
1374 3091 1426 3174 quis

310 3198 367 3260 uui
391 3198 451 3262 soli
476 3197 513 3260 K.
535 3197 637 3262 Atilio
662 3197 800 3281 cuipiam
826 3219 895 3260 esse
919 3197 1025 3260 dicata
1048 3197 1176 3261 credet?
1203 3235 1242 3244 —
1269 3200 1353 3275 Quae
1373 3216 1425 3260 cun

312 3305 358 3366 ita
382 3325 415 3365 se
438 3303 593 3388 habeant,
616 3305 669 3369 vix
693 3327 763 3368 esse
787 3304 958 3367 verendum
983 3308 1133 3386 putamus
1157 3326 1198 3368 ne
1221 3311 1348 3388 praeter
1368 3303 1426 3366 reri·

310 3414 411 3473 tatem
434 3411 584 3492 priseae
612 3412 786 3476 latinitatis
811 3411 1010 3475 documentis
1033 3411 1117 3474 hanc
1139 3413 1246 3495 ipsam
1272 3411 1424 3494 inscriptio·

312 3539 385 3580 nem
408 3517 580 3581 inseruisse
605 3519 779 3608 videamur.

399 3805 551 3887 Superest
571 3809 606 3868 ut
625 3805 805 3868 lamellae
821 3803 1091 3887 Bononiensis,
1110 3805 1161 3868 vel
1176 3805 1287 3889 potius
1301 3803 1421 3869 dimidiae

310 3914 413 3996 partis
438 3912 524 3974 illius
549 3911 645 3994 aeris,
669 3933 765 3994 quam
790 3933 861 3974 curn
885 3911 961 3974 fasc.
981 3910 1014 3974 II
1037 3933 1067 3994 p.
1086 3909 1148 3973 XII
1166 3911 1260 3992 [519]
1287 3917 1350 3976 turn
1366 3909 1420 3971 fae.

309 4019 358 4082 ΙΙΙ
374 4043 403 4102 p.
418 4019 478 4082 XV
496 4019 588 4098 [533]
606 4040 672 4101 sqq.
688 4018 907 4098 tractavimus
927 4022 959 4080 et
978 4017 1137 4102 originem
1152 4021 1185 4081 et
1198 4019 1294 4082 fidem
1313 4015 1419 4081 vindice

312 4151 389 4191 urus.
431 4127 522 4201 Quod
547 4148 618 4190 cum
637 4125 787 4206 facimuS,
811 4126 907 4189 simul
922 4125 1133 4208 ltaphaelis
1153 4123 1348 4192 Garruccii
1369 4115 1418 4182 fidei

310 4233 488 4296 consulitur
511 4233 689 4315 honorique
719 4233 844 4296 satisfit.
890 4233 922 4296 Is
947 4233 1032 4296 enim
1056 4233 1140 4317 quod
1164 4254 1198 4296 se
1222 4231 1416 4316 praestiturum

310 4340 515 4422 prormserat,
540 4344 629 4402 stans
648 4340 807 4422 promisso
834 4339 885 4402 his
905 4339 1070 4421 praestitit
1088 4361 1170 4423 quae
1188 4361 1246 4422 per
1263 4339 1375 4403 litteras
1388 4327 1416 4392 ad

310 4467 369 4508 uos
389 4447 567 4528 perscripta
586 4445 672 4509 infra
690 4446 856 4528 posuimus
881 4446 959 4530 ipsis
981 4449 1017 4509 ut
1036 4468 1095 4528 par
1113 4448 1163 4510 est
1182 4445 1288 4510 verbis
1306 4437 1415 4509 serratis
