2972 5120
246 293 267 332 Ο

391 377 674 426 svrrnsnasrvrr
696 377 745 424 nr.
1083 356 1148 422 539

95 545 124 588 so
144 523 400 607 breitgesperrtee
427 522 479 592 ΛΛ
503 519 699 602 annehmen,
727 519 786 584 wie
805 539 839 584 es
858 517 910 582 die
928 515 1073 600 sonstige
1091 514 1149 580 Ge·

94 630 160 694 stult
178 629 229 694 des
249 628 457 696 Bochstaben
480 628 539 694 aul
559 629 662 694 dieser
684 624 842 692 Inschrift
865 623 1029 690 verbietet
1063 621 1149 688 End-

93 737 147 800 lioh
166 736 267 802 haben
290 734 349 799 wir
371 733 479 798 hintor
502 732 532 798 V
556 732 607 798 bis
630 755 702 796 zum
726 731 836 796 Raude
860 729 916 794 des
936 727 1072 812 Steines,
1095 727 1149 794 ab·

92 843 213 928 geschen
236 865 299 908 ron
317 843 410 926 jener
429 837 572 924 Sebarte,
596 839 668 904 cine
691 839 760 904 vier
777 837 896 924 Finger
915 836 1018 902 breite
1038 834 1150 900 durch-

91 971 151 1036 weg
171 951 272 1038 glotta
295 947 423 1012 Flsehe.

167 1054 256 1120 Tufel
283 1051 374 1118 40J
405 1053 483 1119 Z.2
520 1051 738 1120 ADVEIXEI
772 1055 850 1121 oder
883 1054 1150 1122 ADVElXEIT‘?

90 1161 193 1228 Hinter
220 1162 291 1228 dem
320 1161 336 1223 I
363 1161 435 1226 sind
463 1161 569 1246 einige
596 1161 723 1228 Punkte
743 1163 957 1245 -bemerlrbar,
988 1166 1073 1226 etwa
1100 1183 1150 1228 so:

18 1319 24 1340 .
88 1267 315 1354 ADVEIXElp.
360 1265 454 1332 Doch
478 1267 593 1332 stehen
615 1268 662 1333 sie
686 1267 760 1334 dem
783 1268 798 1333 Ι
822 1291 860 1334 an
884 1269 968 1334 nahe
992 1269 1055 1334 und
1080 1269 1151 1334 sind

88 1374 169 1440 nicht
198 1373 260 1439 tief
290 1394 410 1460 gonng,
443 1395 497 1439 um
525 1373 578 1438 fdr
605 1375 655 1438 die
683 1374 782 1440 Reste
811 1374 949 1441 ainesT
979 1375 1089 1460 gelten
1113 1397 1151 1438 an

88 1479 255 1654 konnlldfel
278 1587 364 1652 42L
387 1585 419 1652 Z.
439 1587 459 1652 4
483 1588 527 1652 ist
550 1609 583 1652 es
608 1588 764 1654 obenfalls
788 1611 848 1654 nur
866 1589 1008 1654 falscher
1026 1588 1224 1671 Schein,xx1

85 1695 151 1758 dass
176 1692 489 1764 accvutulevnl
518 1695 693 1779 gastandan
723 1695 815 1760 habe.
865 1695 1051 1782 Allerdings
1079 1695 1152 1762 sind

84 1799 182 1865 hinter
204 1800 277 1866 dem
300 1799 316 1864 Ι
345 1800 450 1885 einige
477 1799 623 1864 ziemliclr
652 1801 759 1865 starke
783 1800 1016 1886 Vertiefungen
1039 1803 1074 1867 in
1097 1801 1153 1867 der

86 1905 238 1992 ltiohtung
267 1907 354 1971 eines
382 1905 751 1990 Perpendicnlarstrichs
778 1907 979 1993 bomerkber,
1007 1913 1091 1974 etwa
1118 1909 1151 1974 in

85 2013 179 2078 dieser
192 2013 316 2078 Weise:
342 2011 457 2095 AVI22
494 2013 587 2079 Doch
611 2019 718 2079 setzen
743 2013 789 2078 sie
812 2014 904 2079 nicht
927 2037 968 2080 an
991 2015 1052 2080 den
1070 2015 1152 2080 Stel-

83 2119 129 2182 lon
147 2120 211 2204 ein,
234 2141 286 2184 wo
304 2140 381 2184 man
396 2119 446 2184 die
462 2119 667 2196 Querstriche
687 2121 741 2186 des
761 2121 789 2186 a
809 2121 1030 2187 anzunehmen
1048 2123 1153 2204 hittte3
1282 2139 1297 2168 ⁸

83 2225 159 2292 anch
180 2228 226 2294 ist
251 2249 324 2294 vom
348 2226 377 2310 I,
401 2225 541 2294 welches
558 2228 641 2294 nach
660 2227 733 2292 dem
753 2227 781 2292 Ε
800 2227 913 2310 folgen
932 2227 1036 2306 sollte,
1059 2229 1153 2292 keine

83 2329 159 2416 Spur
180 2357 220 2400 an
243 2334 356 2417 sehon,
378 2333 536 2399 rielmehr
558 2332 610 2396 die
626 2332 744 2397 Fldche
767 2335 823 2398 des
845 2333 953 2400 Steins
978 2335 1058 2400 auch
1082 2335 1154 2400 hier

82 2440 273 2526 vollstdndig
296 2441 403 2526 glatt'

475 2605 662 2612 ...ὓ-...-
668 2605 685 2611 .-

98 2722 134 2786 ln
157 2725 279 2791 eisdem
304 2725 492 2810 Scipionum
520 2727 636 2812 elogiis
660 2727 760 2790 etiarn
789 2726 854 2790 alia
881 2727 1019 2791 suntad
1044 2747 1153 2792 veram

25 2823 178 2896 lectionem
206 2831 459 2916 archetyporum
487 2831 665 2916 redeuntia,
699 2855 781 2917 quae
811 2835 864 2898 sat
890 2834 976 2897 recte
1004 2833 1154 2916 expedita

25 2951 82 2996 esse
102 2956 225 3022 negem.
271 2937 299 3000 E
324 2937 440 3022 quibus
464 2959 562 3002 onum
585 2960 670 3003 nuno
694 2937 876 3022 exemplum
900 2938 1055 3024 deligam,
1084 2963 1154 3022 per·

24 3037 115 3104 tineos
137 3041 169 3106 id
194 3044 235 3110 ad
259 3045 325 3110 tab.
349 3043 440 3110 XLII
460 3045 501 3110 L:
525 3045 582 3111 ubi
605 3068 679 3111 cum
701 3047 735 3111 in
758 3046 910 3112 carminis
932 3069 1026 3110 versu
1050 3047 1153 3112 altero

23 3139 106 3229 longo
129 3171 167 3212 ex
187 3153 334 3234 temporo
358 3155 546 3216 constanter
564 3151 686 3217 editum
705 3156 791 3216 esset
806 3149 1153 3222 PROGENIEMGE·
1331 3231 1335 3238 Ι

21 3246 100 3334 NVI,
123 3277 182 3340 ego
198 3255 302 3322 Musei
319 3255 421 3322 Rhea.
439 3260 462 3322 t.
476 3257 524 3322 lX
547 3281 578 3343 p.
594 3259 613 3322 6
630 3261 743 3344 [snpra
757 3282 787 3344 p.
802 3260 867 3324 218
879 3262 939 3344 sq.]
964 3260 1153 3326 observare·
1218 3299 1227 3308 -

22 3375 80 3420 ram
106 3384 169 3428 non
199 3363 263 3429 hoc
287 3363 395 3448 potins
419 3386 517 3448 quam
539 3363 963 3436 PROGENIllelGENVI
989 3366 1024 3431 in
1047 3367 1153 3452 lapide

21 3465 163 3548 scriptum
186 3493 274 3552 esse,
302 3470 528 3555 interpositam
551 3475 659 3536 autem
687 3471 853 3556 lineolam,
881 3494 962 3555 quae
987 3471 1001 3536 I
1026 3473 1153 3538 litterae

21 3572 145 3652 speciem
170 3597 250 3661 prae
276 3599 310 3640 se
332 3575 410 3660 fert,
438 3597 504 3640 non
532 3597 601 3642 esse
630 3576 757 3641 aliunde
784 3576 848 3642 nisi
876 3600 915 3642 er
944 3600 1050 3643 erroro
1074 3579 1152 3662 lapi-

20 3675 96 3741 cidae
117 3682 338 3766 repetendam.
374 3681 498 3748 Contra
521 3683 627 3748 visum
651 3687 701 3747 est
717 3680 928 3762 Mommseno,
952 3684 1007 3769 qui
1027 3681 1061 3749 O.
1079 3683 1103 3748 l.
1119 3685 1153 3748 L.

19 3775 77 3866 lp.
94 3785 133 3850 21
159 3809 190 3852 n.
210 3789 255 3852 38
282 3787 340 3852 illa
367 3787 439 3873 ipsa
461 3789 600 3856 lectione
624 3795 773 3874 suscepta
800 3790 930 3874 culpam
954 3813 974 3854 a
996 3789 1153 3874 lapidaria

19 3895 165 3957 remotam
188 3893 224 3958 in
248 3899 379 3979 poetam
401 3895 571 3960 transtulit
594 3895 655 3960 hoc
680 3895 856 3960 constituto
879 3897 1055 3962 versiculo:

210 4019 374 4102 Progdnffi
397 4020 443 4084 mi
466 4021 577 4104 genui,
600 4019 687 4084 lacta
710 4021 813 4104 patris
837 4022 949 4105 petiei:

19 4131 43 4198 h.
60 4159 84 4202 e.
103 4141 322 4228 properam).
368 4143 481 4209 'l’elem
512 4143 614 4230 igitur
643 4148 884 4227 pentametrum
917 4167 989 4210 cnm
1017 4147 1057 4211 ab
1085 4147 1153 4213 ullo

19 4263 160 4329 umquam
183 4251 237 4314 rel
256 4251 411 4317 mediocri
429 4255 527 4336 poeta
544 4251 668 4316 factum
687 4273 857 4336 negavero,
880 4254 933 4318 vix
955 4276 1025 4318 esse
1044 4275 1153 4320 veren-

17 4345 83 4416 dum
105 4354 235 4422 ridetur
257 4379 299 4422 ne
322 4357 357 4422 in
380 4358 567 4443 cuiusquam
587 4357 869 4442 reprehensionem
888 4359 1059 4424 incurram.
1090 4359 1154 4424 Ne·

18 4474 71 4536 que
96 4460 177 4548 ipse,
210 4464 276 4530 nisi
303 4464 413 4548 fallor,
445 4464 663 4532 Mommsenus
692 4487 845 4550 umquam
872 4465 1056 4551 probasset,
1087 4467 1151 4532 nisi
