2984 5122
107 406 148 453 nr
168 393 432 454 nnccrnnrrorla
457 403 602 464 ovinam
627 403 759 450 nerins
783 401 1057 452 anconorrronu.
1102 383 1167 448 463

47 570 106 612 cum
127 547 354 614 nominativum
378 539 448 632 ipse
471 547 626 613 vitiosum
648 547 736 631 dicit,
758 551 828 611 tum
851 546 996 612 dativum
1019 535 1165 630 profecto

46 653 171 722 Ciceroni
192 677 256 722 non
279 655 451 737 concessit,
484 654 517 718 id
544 653 631 738 quod
659 653 710 717 vel
737 675 775 718 eo
803 653 884 718 satis
912 653 1054 720 ostendit
1081 651 1166 736 quod

44 783 76 826 ne
99 763 128 826 in
153 761 345 827 Lucretiano
378 759 508 846 quidem
540 781 636 826 versu
668 759 813 844 1V,637
845 759 1043 844 bisyllabam
1075 759 1166 825 aliis

44 867 68 932 b.
84 890 106 931 e.
127 867 197 932 alis
219 867 358 933 formam
382 866 545 932 toleravit.
581 865 691 932 Aede
715 867 776 932 hoc
798 867 889 932 litem
912 889 998 932 nunc
1016 888 1081 932 nou
1100 887 1166 931 mo·

45 975 120 1058 rabo,
135 995 326 1058 quamquam
345 995 441 1058 posse
460 973 582 1038 moveri
602 974 720 1038 sentio:
744 995 854 1038 verum
874 973 954 1038 illud
968 997 1034 1039 uon
1054 973 1167 1038 dubito

42 1079 221 1144 confidenter
240 1081 460 1165 pronuntiare,
482 1081 509 1145 si
528 1081 624 1146 modo
643 1102 681 1146 oa
700 1079 882 1164 declinatio,
905 1103 987 1165 quae
1006 1081 1069 1146 suit
1092 1081 1167 1146 alis

42 1186 102 1248 alis
124 1187 174 1252 ali
197 1186 304 1271 alim,
327 1208 385 1270 per
407 1187 551 1272 plurales
576 1209 669 1253 casus
693 1187 771 1252 olim
794 1187 997 1272 pertinuerit,
1022 1209 1086 1252 non
1111 1209 1168 1272 po·

40 1293 124 1356 tuisse
146 1291 279 1358 omnino
304 1293 385 1358 alias
409 1294 554 1360 nisibus
578 1293 700 1358 formas
724 1295 807 1359 lieri:

180 1439 269 1482 nom.
292 1417 366 1482 alis
390 1421 423 1484 ot
447 1417 500 1482 ali
524 1415 576 1504 (ut
598 1440 690 1502 ques
714 1419 778 1503 qui
801 1442 875 1483 cum
898 1417 983 1506 sim.)
1181 1429 1208 1468 ²⁰

180 1545 254 1608 gen.
296 1523 412 1590 alium
949 1535 953 1546 '

180 1629 247 1696 dat
298 1631 430 1724 qlibaa
449 1635 485 1698 at
505 1631 579 1698 alie
603 1628 655 1718 (ut
678 1630 818 1715 quibus
842 1628 940 1716 quis)

180 1761 246 1804 aco.
299 1739 372 1804 alis
1047 1727 1056 1742 ⁸

37 1859 140 1946 Aliquo
168 1867 280 1928 autem
312 1885 384 1929 cum
417 1863 477 1928 tali
506 1863 721 1932 declinatione
754 1865 882 1930 vinculo
915 1863 1005 1930 haud
1030 1866 1103 1932 seio
1126 1889 1168 1934 an

37 1969 95 2049 ipsa
116 1971 264 2035 scaenica
287 1969 440 2054 prosodia
463 1973 675 2038 contineatur.
711 1973 824 2056 Aqua
847 1973 1077 2038 alienissimam
1097 1997 1167 2039 esse

36 2077 190 2156 synicesim
220 2081 352 2144 constat
379 2077 501 2142 talibus
530 2079 638 2163 qualia
671 2085 746 2144 sunt
777 2081 889 2145 filius
922 2079 1008 2145 filio
1042 2081 1166 2146 filium

37 2179 103 2244 lilii
129 2182 231 2248 filiis
260 2183 369 2249 filios
398 2185 592 2270 adhibitam,
621 2209 719 2270 quam
743 2187 797 2252 diu
820 2186 949 2271 quidem
973 2185 1007 2249 in
1031 2187 1167 2250 senariis

36 2288 278 2376 septenariisquo
308 2291 374 2354 eive
402 2291 577 2357 trochaicis
611 2293 678 2358 sive
706 2293 857 2358 iambicis
884 2297 982 2380 poeta
1008 2296 1166 2358 versatur:

35 2400 133 2460 contra
156 2395 257 2462 simul
281 2399 377 2482 atque
401 2397 440 2462 ad
464 2397 618 2462 liberiora
641 2403 745 2464 metra
768 2401 925 2465 transitus
949 2401 998 2484 fit,
1026 2398 1067 2463 ad
1091 2421 1167 2464 ana-

34 2503 165 2582 paestico
187 2503 410 2588 potissimum,
433 2502 607 2568 sedetiam
631 2503 671 2568 ad
690 2504 874 2570 octonarios
893 2504 1063 2590 quoslibet,
1084 2505 1167 2570 nihil

34 2629 151 2690 prorsus
180 2609 371 2674 offensionis
399 2607 533 2673 eandem
560 2609 651 2674 illam
683 2611 847 2676 licentiam
870 2610 1004 2675 habero:
1036 2611 1075 2674 de
1103 2634 1167 2697 quo

35 2715 212 2798 explicatius
229 2715 296 2780 dixi
312 2713 438 2800 Proleg‘.
453 2713 541 2780 Trin.
558 2737 588 2798 p.
597 2713 680 2780 CLX
692 2739 759 2800 sqq.
779 2715 945 2802 Museique
961 2717 1060 2788 [theu
1075 2718 1166 2784 tVlI

34 2841 59 2900 p.
74 2821 134 2887 595
154 2823 212 2904 [=
229 2819 346 2908 Opuso.
364 2821 396 2886 ΙΙ
415 2843 445 2906 p.
460 2821 539 2903 595]
561 2844 629 2906 sqq.
661 2821 731 2888 Hoc
751 2823 852 2907 igitur
870 2823 978 2908 ipsum
999 2823 1167 2891 videnum

34 2945 95 2992 cum
117 2929 228 3014 aliqua
253 2927 359 3012 specie
383 2927 625 3012 probabilitatis
654 2929 852 2994 coniciamus
879 2952 946 2994 non
973 2930 1071 2995 aliam
1100 2933 1166 2995 vim

34 3053 232 3120 caussamque
256 3033 390 3118 habere,
413 3034 477 3098 nisi
496 3034 582 3118 quod
606 3035 641 3100 in
659 3035 866 3101 liberioribus
886 3037 998 3102 metris
1018 3043 1168 3122 suscepta

34 3139 164 3226 vulgaris
193 3139 355 3206 sermonis
383 3141 535 3206 libertate
562 3142 828 3226 pronuntiaretur
855 3143 940 3208 filis
968 3143 1033 3208 fili
1066 3145 1167 3210 lilim

34 3245 85 3309 lili
115 3249 201 3312 filis
235 3247 330 3312 filis.
377 3247 479 3324 Quam
508 3249 807 3332 pronuntiationem
839 3247 915 3316 niun
943 3251 1041 3316 etiam
1069 3252 1167 3338 scrip·

43 3397 234 3410 --————.-

34 3471 101 3529 lrano
118 3477 168 3534 illo
187 3479 225 3532 ab
243 3476 417 3534 Mommseno
441 3477 586 3549 publicato
609 3477 630 3532 I.
649 3477 681 3532 lt.
700 3477 733 3534 N.
754 3485 823 3534 4616
849 3477 892 3550 [0.
911 3479 931 3537 l.
952 3481 982 3536 L.
1002 3481 1013 3536 I
1033 3483 1167 3554 n.1277],

34 3563 101 3618 onius
118 3565 188 3622 haec
207 3565 314 3637 species
335 3566 556 3636 [repraesentata
575 3584 647 3622 nnnc
665 3567 695 3622 in
713 3567 744 3621 P.
764 3569 793 3625 1..
813 3567 850 3623 M.
870 3570 901 3625 E.
920 3571 977 3626 tab.
997 3571 1059 3626 LIX
1075 3571 1098 3624 J
1102 3572 1126 3644 ]:

270 3683 277 4020 Ι
455 3745 561 3812 sunl
575 3783 582 3796 ·
596 3746 645 3814 IN
660 3782 667 3797 ·
682 3693 936 3814 vendenda)

455 3871 586 3938 MIHEI
610 3907 616 3922 ·
641 3871 818 3938 CONTRA
842 3908 849 3924 ·
876 3794 968 3995 ΒΙζ,

36 4059 82 4121 Qui
98 4062 225 4130 quamvis
242 4064 360 4120 mutilas
378 4065 428 4132 sit,
451 4067 546 4121 nmen
565 4067 594 4122 et
612 4067 783 4123 semriomm
806 4085 861 4123 non
879 4066 965 4122 dubia
983 4065 1122 4138 principia
1139 4069 1168 4121 et

35 4150 202 4208 manifestam
221 4153 295 4210 aliar
312 4156 343 4209 ct
360 4155 428 4210 moti
445 4156 642 4226 pronominum
661 4156 864 4228 oppositionem
884 4155 1019 4212 ostendit:

253 4243 317 4300 Alei
334 4245 364 4298 ln
383 4243 526 4300 Venerieis
563 4285 925 4303 .........

254 4331 343 4388 blihei
360 4335 459 4388 ctntra
475 4333 501 4390 ri
541 4374 937 4394 .........

37 4415 78 4469 nbi
94 4423 251 4490 correptum
268 4423 350 4478 motet
367 4423 436 4478 satis
454 4423 553 4480 reniae
571 4424 608 4478 ab
621 4424 673 4479 illa
690 4424 798 4480 ratione
816 4425 903 4480 habet
921 4441 1005 4494 quam
1021 4441 1083 4482 oum
1098 4425 1168 4482 alibi

38 4507 139 4578 saepius
155 4511 217 4566 tum
235 4529 322 4584 nuper
340 4511 431 4569 Masei
445 4513 534 4572 Rben.
553 4514 651 4572 cxlv
671 4533 698 4584 p.
712 4521 762 4569 411
785 4514 881 4586 [supra
894 4533 921 4584 p.
936 4517 1000 4590 419]
1020 4517 1167 4588 explicavi.
