3108 5142
327 350 370 415 32
686 349 1110 440 arrrrrnrvu1uurarcvrr

326 511 430 575 cardiu
447 509 577 593 effrrpere
595 512 773 577 uiolentiam
788 519 928 588 naturae.
944 549 985 560 —
1005 511 1164 596 Excipere
1179 515 1287 577 autem
1301 533 1356 576 nos
1372 532 1445 594 para·

326 621 379 682 tus
402 621 515 701 portus
540 618 594 682 ille
623 623 711 684 certo
734 642 801 684 non
829 619 869 683 ad
894 619 1034 704 quietem
1059 637 1225 683 srrnrrnrr
1253 618 1352 683 dictus
1372 623 1447 680 esta

326 724 517 809 Pomponio,
540 725 596 808 sed
616 725 685 790 sine
704 726 774 790 ulla
792 728 1012 791 controversia
1032 741 1449 822 Ap·ovvnrr.u·rrrrrruu,

328 835 440 914 aperta
463 831 645 897 imitatione
673 831 796 916 Plauti,
823 833 986 917 Amphitr.
1006 832 1031 916 l,
1054 833 1174 916 1,123:
1208 833 1313 914 Neque
1337 851 1383 912 epo
1406 829 1450 892 buc

325 944 409 1002 nocte
431 939 596 1020 turpiorem
618 959 666 1002 mc
688 940 799 1003 uidbse
821 960 930 1016 censeo,
954 941 1029 1004 Nisi
1050 941 1152 1004 itatem
1169 961 1281 1022 arrum,
1303 938 1451 1002 verberabo

326 1067 420 1126 prtum
439 1048 569 1127 pependi
586 1052 748 1128 perpetrare.
790 1047 870 1110 Ibid.
893 1046 935 1128 II,
959 1048 988 1124 2,
1011 1047 1086 1110 100:
1113 1047 1169 1110 lbi
1191 1047 1295 1110 certavi
1317 1049 1401 1125 ubive
1420 1042 1452 1105 ibi

327 1154 427 1233 pruteni
444 1154 480 1216 ia
501 1155 576 1218 navi
598 1160 714 1218 noctem
731 1158 893 1236 perpete-ur.
928 1152 972 1216 Et
995 1152 1087 1217 Truc.
1103 1152 1189 1236 11,2‚
1205 1153 1261 1218 23:
1286 1152 1411 1232 Cvrmqru
1429 1169 1453 1211 rc

327 1261 373 1322 ita
395 1264 510 1323 coetera
533 1261 567 1322 ia
590 1261 766 1323 stramentis
782 1263 964 1340 perrrocture
982 1264 1142 1340 perpetem.
1185 1259 1276 1324 Adde
1300 1257 1454 1324 Pacuvium

328 1365 416 1429 Festi
441 1389 470 1450 p.
489 1367 552 1430 217
574 1365 633 1430 M.:
660 1365 740 1429 lruuc
762 1386 885 1446 operam
912 1364 990 1428 ruibr'
1012 1367 1063 1430 des
1080 1371 1247 1449 parcum,
1277 1365 1455 1446 eundemque
1510 1445 1511 1448 Ἴ

327 1471 428 1537 Nonii
455 1496 486 1556 p.
512 1473 569 1537 88:
602 1475 834 1538 uouemditatau
860 1477 1013 1553 perpetem
1038 1473 1191 1552 probitate
1222 1473 1403 1537 conservetis.
1423 1506 1457 1515 -

328 1578 443 1642 Restat
470 1583 506 1643 ut
532 1585 676 1644 extremo
704 1601 798 1643 versu
828 1579 994 1642 laudemus
1023 1582 1110 1642 recte
1139 1601 1159 1641 a
1186 1577 1397 1642 Mommsenio
1420 1577 1458 1638 in-

329 1690 510 1751 stauratum
542 1704 1007 1752 novac·v1rrnr·arernrr.
1058 1684 1118 1750 cui
1152 1685 1240 1776 aliud
1273 1686 1458 1769 supplemen-

329 1798 411 1877 tum,
443 1811 621 1858 novrcvu·
641 1814 753 1857 roais·
770 1810 869 1856 rrr'nr
904 1814 942 1855 ea
969 1792 1098 1856 demum
1131 1792 1321 1857 condicione
1353 1789 1459 1854 adicere

329 1899 410 1984 (non
430 1897 610 1985 praeferre)
634 1900 751 1982 ausim,
781 1903 817 1962 ut
841 1900 943 1963 denuo
968 1900 1114 1983 inspecto
1134 1899 1240 1983 lapide
1263 1921 1326 1964 nee
1346 1917 1367 1962 a
1389 1897 1461 1961 litte-

329 2027 399 2068 ram
423 2022 541 2069 nonno
566 2005 653 2070 vocis
677 2027 736 2069 nec
759 2024 771 2069 1
799 2009 874 2088 post
897 2005 1046 2070 lacunam
1075 2009 1164 2069 certa
1187 2029 1257 2070 esse
1282 2003 1463 2090 apparuerit.

419 2112 621 2196 Explicatius
654 2116 687 2177 et
718 2116 883 2196 tamquam
921 2112 1074 2176 familiari
1107 2111 1314 2177 enarratione
1350 2107 1464 2176 Bassuli

330 2219 506 2283 versiculos
525 2220 750 2302 tractavimus,
770 2223 866 2304 atque
882 2217 1074 2301 singillatim
1091 2219 1251 2300 persecuti
1271 2240 1383 2283 sumus
1396 2237 1465 2301 quae

330 2330 506 2410 potuerunt
530 2348 619 2408 sane,
650 2326 677 2389 si
702 2326 806 2391 doctis
835 2325 1063 2406 scriberemus,
1094 2326 1197 2390 multo
1221 2326 1354 2391 brevius
1377 2330 1466 2389 trans·

330 2432 392 2516 igi:
417 2431 473 2496 sad
497 2433 737 2496 excusationem
761 2433 857 2497 nobis
881 2454 918 2496 eo
941 2431 1014 2514 ipso
1039 2453 1108 2495 esse
1133 2437 1282 2514 paratam
1304 2451 1468 2516 speramus,

331 2539 416 2622 quod
439 2539 504 2602 iam
528 2540 657 2622 saepius
677 2537 814 2622 professi
840 2561 949 2603 sumus
974 2539 1172 2602 discentibus
1192 2539 1302 2621 potius
1323 2539 1402 2603 haec
1419 2557 1467 2601 nos

330 2647 496 2729 prooemia
520 2668 616 2729 cluam
645 2645 747 2709 doctis
772 2646 920 2710 scribere.
964 2645 1220 2710 Verumtamen
1245 2667 1348 2710 unum
1372 2665 1468 2728 super-

331 2757 393 2835 est,
424 2774 488 2837 quo
516 2775 582 2819 non
609 2751 757 2835 expedito
786 2751 960 2817 verendum
988 2776 1029 2818 ne
1057 2753 1227 2837 pristinam
1255 2753 1470 2837 integritatem

330 2859 535 2923 venustulum
563 2881 693 2924 carmen
722 2859 854 2924 minime
883 2859 960 2923 dum
987 2861 1233 2946 recuperaverit
1278 2858 1402 2943 Ecquis
1430 2864 1471 2920 est
1540 2941 1541 2944 Ἴ

330 2967 429 3049 onim,
453 2966 507 3049 qui
532 2967 599 3030 sine
624 2967 801 3030 offensione
824 2966 974 3029 versus9
999 2967 1098 3031 verba
1115 2968 1217 3050 legat:
1241 2966 1283 3030 Id
1301 2962 1472 3047 quulepuulc
1540 2947 1541 2954 ἵ

330 3077 373 3135 est
391 3071 506 3135 clrurtr's
525 3074 706 3135 rrrurulatum
724 3073 777 3134 dia
796 3073 858 3134 -?
894 3072 983 3148 Quae
1006 3095 1071 3137 non
1091 3075 1220 3137 tantum
1240 3073 1323 3137 mire
1343 3073 1473 3153 abrupta

331 3199 401 3240 esse
425 3177 564 3258 sentitiS,
587 3177 642 3241 sed
665 3199 705 3240 ne
729 3201 748 3241 a
772 3177 936 3243 latinitate
961 3178 1089 3261 quidem
1115 3200 1202 3242 sana.
1244 3176 1314 3242 Nec
1340 3176 1475 3243 enimin

333 3307 370 3349 eo
394 3284 552 3349 sermonis
575 3303 701 3367 genere,
725 3284 770 3347 ad¹
784 3285 874 3348 cuius
895 3285 1077 3368 exemplum
1096 3290 1202 3350 totum
1222 3307 1291 3348 sese
1312 3284 1369 3350 hic
1387 3287 1476 3368 poeta

333 3391 528 3474 composuit,
559 3393 741 3455 murulutum
769 3391 877 3456 locum
904 3391 1004 3456 habet
1034 3415 1092 3475 pro
1121 3393 1304 3456 inundatum
1335 3397 1393 3475 est,
1424 3411 1476 3454 nec

333 3498 513 3560 inundatum
541 3503 582 3560 est
607 3498 687 3560 satis
712 3498 782 3561 fluit
805 3499 873 3561 sine
897 3498 974 3560 uribi
997 3498 1116 3564 dativo.
1163 3498 1426 3582 Aequiescerem,
1454 3495 1501 3556 Si'

332 3605 521 3688 legeremus,
545 3603 628 3687 qnod
652 3626 717 3668 non
740 3604 821 3687 legit
845 3603 1078 3668 Mommsenins
1102 3627 1160 3668 nec
1186 3608 1221 3668 ut
1245 3604 1376 3668 ridetur
1401 3603 1478 3668 Gua-

332 3713 436 3795 rinus,
467 3710 517 3774 vel
542 3727 705 3773 srnnurrr
733 3710 781 3773 rel
811 3728 1006 3774 ursrrrurrr
1036 3711 1315 3774 velannorum.
1364 3710 1478 3787 Quam·

333 3842 430 3902 quarn
449 3818 500 3881 rel
516 3805 561 3882 sic
576 3817 701 3880 hiatum
715 3816 853 3900 aliquem
869 3817 1101 3881 sententiarum
1118 3818 1354 3900 persentiscere
1366 3817 1480 3882 videor.

334 3924 567 4006 Exspectamns
591 3923 676 3986 eninr
701 3923 789 4005 prius
810 3945 906 4006 quam
926 3923 1175 4006 intolerabilem,
1199 3925 1301 3988 vitam
1321 3922 1388 3989 dici
1407 3923 1479 3986 tole-

335 4031 470 4093 rabilem
494 4031 603 4110 fuisse,
627 4033 659 4092 et
679 4033 809 4112 poetam
829 4029 936 4110 aliqua
956 4029 1155 4093 iucunditate
1174 4030 1374 4094 delectatum
1394 4029 1480 4113 prius

335 4157 430 4219 quarn
454 4139 604 4197 vexatum
629 4135 850 4199 incommodis.
889 4134 932 4198 Et
956 4135 1031 4199 tulis
1055 4137 1233 4200 versiculus
1258 4159 1394 4220 prorsus
1418 4155 1481 4200 non

335 4243 517 4305 dubitamus
542 4239 619 4324 quin
639 4241 721 4304 inter
741 4264 767 4304 v.
786 4243 805 4305 8
826 4240 896 4304 aa
922 4240 1091 4324 exciderit,
1115 4243 1286 4307 oscitantis
1311 4247 1346 4307 ut
1371 4244 1409 4306 tit
1433 4241 1479 4304 vel

335 4349 423 4413 uliud
446 4347 573 4432 agentis
597 4347 752 4428 lapicidae
776 4347 983 4432 neglegentia
1006 4349 1154 4412 omissus.

424 4454 517 4518 Nunc
551 4455 649 4538 igitur
682 4461 716 4518 ut
749 4456 988 4537 uonrprehensis
1026 4457 1176 4520 omnibus
1211 4478 1374 4520 summam
1409 4470 1481 4520 aute
