3108 5142
415 335 635 382 serorusnrvn
661 335 934 384 nerunnenrcvn.
1225 291 1265 388 7⁸

108 479 306 564 neglegenter
340 479 390 544 vel
423 479 572 563 imperite
606 479 687 564 egit,
718 483 755 544 ut
786 481 925 564 pessime
959 481 987 544 ei
1019 503 1069 545 res
1103 482 1245 548 cesserit.

107 586 184 651 Nam
208 591 277 650 tum
301 586 333 650 iu
357 585 583 672 coniungenda
602 585 704 651 Zotiei
724 591 757 650 et
776 585 898 652 Sulliae
921 609 993 652 eum
1014 587 1115 653 lulise
1135 587 1243 653 Tatia-

108 717 163 758 nse
185 693 349 776 memoria,
371 698 440 758 tum
462 693 496 758 in
521 693 651 759 hortulo
676 697 773 778 atque
797 695 900 760 mults
918 694 1107 780 diligentius
1127 693 1244 760 deseri·

107 801 210 867 bendis
239 801 320 866 adeo
344 799 473 865 miscuit
496 800 625 866 diversa
649 805 681 866 et
704 805 794 866 reeta
817 799 975 884 turbavit,
999 805 1035 866 ut
1058 803 1113 887 qni
1137 823 1270 870 emen-r

106 911 175 974 dere
193 905 406 972 Muratoriani
430 905 517 970 illius
540 905 627 970 tituli
645 906 807 990 turpicula
825 907 904 972 vitia
923 909 1088 994 suscipiat,
1112 929 1242 992 operam

106 1015 220 1100 perdet.
266 1013 386 1096 Facile,
410 1013 487 1098 quid
515 1013 566 1077 vel
595 1013 658 1077 sibi
688 1013 825 1078 voluerit
849 1015 899 1080 rel
923 1016 1063 1080 seribere
1087 1013 1244 1093 debuerit,

106 1126 244 1208 apparet:
268 1121 307 1188 P.
329 1119 450 1185 Mirm
472 1117 597 1186 Zoticus
618 1125 648 1185 ot
668 1119 773 1186 Sullio
797 1121 873 1187 Nice
895 1122 954 1190 sibi
976 1123 1039 1188 vivi
1058 1123 1194 1202 suerunt
1216 1126 1245 1184 et

104 1231 173 1310 filiis
205 1235 233 1294 et
269 1227 385 1296 liberto
420 1227 642 1310 libertatemque
674 1229 863 1312 posterisque
897 1251 1010 1294 mmm.
1065 1229 1110 1293 Et
1140 1227 1245 1293 luttere

107 1337 250 1402 Tattenos
271 1335 394 1420 mapa·
415 1339 444 1400 et
466 1333 582 1400 lehertis
605 1333 826 1418 laeuaeque
842 1337 1030 1420 posterisque
1048 1355 1152 1400 eoum
1171 1335 1241 1400 Sut-

106 1445 160 1508 lins
180 1441 353 1525 Stephanus
379 1447 408 1506 et
435 1441 551 1506 libertis
578 1439 678 1506 huius.
723 1441 761 1508 Si
787 1443 857 1526 quis
878 1445 1055 1526 centiperum
1076 1441 1243 1523 tortellum,

105 1551 229 1614 rnnewio
251 1549 336 1614 eluso
358 1549 401 1613 ad
421 1549 586 1614 mmmmm
599 1549 811 1632 pertinerem,
834 1551 962 1614 notauit
978 1551 1094 1615 donaro
1112 1549 1157 1614 vet
1175 1571 1242 1614 neu·

104 1659 174 1740 dere,
195 1661 260 1720 tum
282 1655 394 1736 inferet
413 1675 532 1737 poenae
553 1655 677 1720 nomine
703 1657 928 1740 quinquaqinta
956 1659 1058 1723 millio
1080 1679 1242 1722 nutantum

104 1785 187 1830 oreae
205 1763 388 1846 pontificum
414 1765 443 1826 et
467 1762 640 1846 oirpinrhus
667 1760 897 1850 (Vestalibus.)
943 1764 982 1829 ln
1005 1765 1056 1830 his
1086 1785 1151 1829 una
1174 1767 1244 1829 tsn-

105 1877 167 1936 tum
194 1875 244 1936 est
271 1892 347 1934 vers
373 1869 547 1952 correctis,
579 1867 734 1934 EORVM
761 1891 789 1934 r.
816 1871 838 1934 4
867 1871 1022 1955 seriptum
1050 1893 1109 1956 pro
1133 1869 1242 1936 EIVS.

104 1977 182 2042 Num
203 1999 262 2042 nee
284 1977 407 2042 usitata
430 1999 507 2042 sane
531 1998 590 2042 nee
613 1975 716 2062 proba
739 1975 818 2042 haee
841 1977 962 2043 locutio
985 1983 1048 2042 est:
1075 1983 1104 2042 et
1126 1977 1242 2042 libertis

104 2085 258 2150 libertabus
275 2085 464 2166 postemsorw
481 2085 573 2166 eins,
597 2105 669 2148 oum
689 2105 748 2148 neo
767 2083 923 2148 Tatianae
943 2085 1065 2169 posteri
1085 2085 1243 2170 dieantur,

105 2193 155 2277 qui
177 2189 400 2276 praemittendi
421 2189 546 2254 libertis
565 2189 703 2274 fuerant,
726 2211 785 2254 nee
805 2195 889 2254 reete
910 2192 1032 2275 posteri
1052 2191 1244 2274 simpliciter

104 2300 242 2366 dieantur
255 2321 314 2384 pro
328 2297 519 2362 libertorum
534 2297 683 2380 posteris.
708 2296 747 2362 V.
762 2301 872 2363 eutem
886 2299 907 2362 5
921 2297 995 2362 ET·
1008 2297 1078 2362 LIB
1089 2331 1096 2346 ·
1107 2297 1243 2362 Hvlvs

105 2407 136 2488 (i.
158 2429 182 2470 e.
204 2403 375 2491 Stephani)
399 2403 547 2470 consulto
571 2407 785 2469 assesserunt.
818 2402 980 2470 numus
1004 2427 1033 2468 v.
1057 2403 1077 2468 3
1101 2409 1242 2470 erratum

104 2513 247 2596 (fortusse
269 2517 379 2578 tamen
402 2511 443 2577 ab
467 2511 538 2596 ipso
564 2508 685 2598 Donio)
709 2533 769 2596 pro
792 2510 960 2594 Ivnrnu,
984 2512 1069 2597 quod
1092 2511 1242 2596 deinceps

105 2619 249 2705 iteratum
278 2623 400 2682 temere
429 2617 590 2682 adiectum
619 2617 654 2682 in
681 2617 744 2682 hue
772 2638 801 2682 v.
828 2619 850 2682 4
873 2617 941 2701 ΕΤ,
964 2619 998 2682 in
1021 2641 1084 2704 quo
1108 2619 1243 2684 fallatur

107 2726 156 2810 qui
177 2723 331 2812 Stephani
354 2745 551 2809 praenomen
574 2724 675 2788 latere
699 2723 890 2807 suspicetur.
931 2725 1040 2790 Semet
1064 2725 1149 2790 enim
1174 2725 1242 2809 ipse

107 2835 234 2899 correxit
261 2831 504 2914 marmorarius,
534 2831 589 2916 qui
619 2829 660 2896 ab
689 2829 784 2894 initio
813 2833 882 2894 tum
907 2831 1062 2896 omiserat
1084 2830 1241 2896 'setianus

107 2961 211 3004 nomen
232 2944 302 3006 tum
327 2940 553 3004 coniuncturus
573 2940 644 3002 erat
663 2933 820 3020 Stephani
840 2957 911 3000 oum
931 2933 1088 3002 Tatisnae
1106 2935 1242 3006 libertis.

109 3043 208 3130 Neque
239 3045 329 3110 enim
354 3045 410 3110 Fu
438 3043 469 3112 h.
493 3065 519 3110 e.
543 3043 653 3108 naon
680 3043 783 3108 ausim
811 3064 849 3108 en
877 3042 935 3108 illo
958 3041 1015 3108 ΕΤ
1046 3064 1173 3126 eruere,
1202 3043 1242 3108 si-

110 3151 225 3234 quidem
256 3151 387 3238 coniugi
420 3149 551 3216 dicabat
583 3153 721 3232 tantum,
752 3171 818 3214 non
849 3147 926 3214 lecit
956 3171 1014 3214 nee
1049 3155 1085 3214 ut
1116 3149 1242 3216 ridetur

109 3259 208 3324 referit
230 3259 422 3345 sepulerum.
454 3259 531 3323 Alio
555 3257 651 3323 modo
676 3278 947 3342 supervacaneam
970 3255 1027 3321 ET
1049 3255 1242 3340 particulam
1319 3239 1325 3252 ⁸

110 3363 242 3431 lleffsiue
266 3365 409 3452 expediit
431 3363 514 3430 Mus.
537 3363 656 3429 Veron.
683 3365 755 3442 152,
774 3365 803 3428 3.
835 3363 874 3426 In
893 3362 949 3426 ΕΤ
968 3361 1015 3427 IN
1034 3361 1154 3426 litteris
1173 3385 1202 3426 r.
1221 3363 1243 3428 5

111 3491 288 3558 cognoscere
307 3474 403 3539 nobis
417 3471 564 3538 ridemur
578 3470 653 3536 ITA
667 3469 739 3556 NE,
758 3494 777 3534 a
795 3471 911 3555 quibus
926 3469 1093 3554 particulis
1110 3493 1242 3536 exorsus

112 3599 174 3645 mox
191 3581 302 3648 incidit
322 3581 354 3645 in
374 3579 511 3644 alteram
533 3579 805 3644 constructionem
825 3599 906 3662 quae
926 3577 963 3640 fit
982 3574 1021 3640 Sl
1042 3575 1139 3652 ovls
1159 3578 1242 3642 voci·

112 3685 172 3768 bus,
193 3691 225 3752 et
246 3691 417 3770 utramque
441 3685 558 3750 misere
582 3683 721 3748 miscuit.
754 3683 890 3768 Reliqua
913 3705 993 3768 qnae
1014 3685 1159 3766 peccarit
1184 3707 1243 3750 suu

50 3783 58 3807 ¹
112 3799 211 3874 sponte
229 3799 357 3878 patent:
377 3795 462 3857 reete
482 3797 590 3856 eutem
609 3813 644 3858 se
662 3791 763 3856 habet
776 3788 973 3855 Msomun
989 3788 1138 3872 OLVSA,
1157 3791 1242 3874 quod

112 3919 145 3962 ne
157 3899 399 3966 convertendum
418 3899 452 3964 in
467 3897 671 3984 ULVSV(M)
685 3899 817 3982 putetis,
831 3919 998 3962 monemus
1012 3895 1242 3964 Fabrettianue

112 4002 161 4090 ΠΙ,
177 4009 250 4074 238:
269 4007 404 4072 maceri}
423 4007 457 4071 iu
475 4005 602 4070 eirnritu
622 4005 717 4089 clusa,
735 4009 768 4068 et
782 4005 871 4070 Grut.
892 4005 965 4084 756,
983 4005 1017 4070 4:
1037 4007 1170 4069 moceria
1184 4007 1241 4070 eir-

112 4115 249 4180 mmdotn.
293 4113 344 4180 Ne
368 4113 447 4178 illurl
471 4113 601 4198 quidem
624 4116 792 4195 peecatum
812 4133 831 4174 e
849 4109 989 4194 lapicida
1008 4115 1067 4196 est,
1090 4113 1150 4176 etsi
1171 4133 1241 4196 pee-

114 4223 208 4284 catum
225 4221 258 4286 iu
276 4219 482 4304 latinitatem,
505 4219 590 4306 quod
615 4243 644 4287 r.
664 4223 684 4286 2
703 4219 823 4304 legitur
841 4216 893 4284 SE
912 4217 1004 4282 Vllll
1025 4219 1054 4284 h.
1078 4241 1105 4284 e.
1123 4239 1154 4284 se
1172 4221 1242 4282 viui.

113 4321 186 4392 Nem
204 4350 273 4394 eum
291 4327 442 4412 frequens
463 4329 553 4393 sitin
569 4329 672 4394 titulis
688 4327 766 4393 haee
780 4327 915 4392 locutio:
935 4323 1069 4390 VlVVS
1084 4359 1091 4376 ·
1107 4323 1242 4408 r’nol'r,

115 4429 197 4498 VlVl
219 4469 226 4486 ·
248 4433 529 4520 POSVERVN'I',
571 4457 635 4522 quo
673 4439 822 4520 spectant
853 4431 1044 4519 compendia
1082 4431 1242 4496 scribendi
