3108 5142
367 349 469 400 naors
493 303 647 400 avesna
673 351 757 400 raas
780 351 983 402 sveaasras.
1208 341 1249 404 37

112 493 323 578 praescribens
360 493 471 560 hasce:
517 493 593 560 XIX
627 491 711 560 ‘Voa
741 497 795 562 der
827 495 914 562 Noui
949 497 1048 580 open's
1079 499 1251 566 numiatio’

111 599 165 665 XX
187 599 278 666 ‘Vom
309 599 472 667 Dorum
504 599 661 682 insectum'
720 599 797 666 XXI
822 601 902 668 ‘Vou
932 604 1113 688 petiebenan
1145 607 1251 674 Gelde’

111 707 197 773 XXII
226 706 310 772 ‘Vou
340 708 475 774 anderen
506 707 739 790 Fordenmpen'
804 707 915 774 XXIII
943 709 1027 776 ‘Vua
1055 713 1250 796 Erbsclcolb·

112 811 313 898 Tbeiluupeu'.
359 812 525 880 Tredeeim
561 837 720 880 annorum
748 815 855 898 spatio
888 816 1058 884 interiecto
1086 821 1189 888 altera
1216 823 1250 889 in

110 921 275 986 Germania
298 920 397 986 editio
421 927 532 988 secuta
556 926 606 987 est
624 921 775 988 Hausuor
794 921 961 990 Euvaaor
980 924 1181 1012 D1aasau11,
1195 929 1250 1014 qui

109 1027 239 1094 Marinio
267 1027 377 1113 potius
404 1051 501 1112 quarn
525 1025 635 1093 Carlio
663 1027 743 1092 duce
774 1027 928 1094 utendam
957 1053 1027 1096 esse
1057 1033 1249 1120 intellegens

109 1135 187 1200 illius
207 1135 388 1219 exemplum
407 1133 540 1200 iteravit
557 1133 591 1200 in
606 1133 915 1214 ‘Observationibne
927 1137 968 1204 ad
987 1141 1108 1207 selecta
1124 1139 1249 1208 Galliae

108 1241 275 1326 cisalpinae
298 1239 417 1326 capita’
441 1239 584 1308 Berolini
608 1242 744 1326 proditis
775 1247 807 1308 et
832 1267 1031 1312 summorum
1054 1247 1089 1313 in
1111 1251 1248 1334 utroque

107 1350 169 1412 inre
203 1348 363 1414 honorum
397 1349 645 1414 obtinendornrn
680 1371 795 1415 caussa
828 1351 955 1435 publice
989 1353 1129 1420 defensis
1163 1377 1248 1420 anno

110 1457 200 1520 1812:
228 1455 346 1541 quibua
374 1455 473 1520 ctiam
502 1456 541 1520 de
570 1457 656 1522 latae
685 1457 768 1542 legis
797 1461 902 1525 aetate
932 1461 1052 1528 rectius
1084 1485 1182 1548 quam
1205 1463 1247 1528 ab

106 1560 250 1628 Hvaoaa
287 1560 410 1626 lactum
447 1567 518 1628 erat
561 1563 685 1628 statuit.
740 1563 908 1630 Postremo
946 1566 1063 1634 horum
1100 1569 1248 1635 laborum

106 1691 229 1754 prorsas
259 1669 392 1754 ignarus
421 1667 518 1735 horno
542 1667 645 1734 Italus
669 1669 811 1736 Paaava
836 1689 885 1736 oa
909 1671 1011 1739 Lama
1035 1697 1147 1742 musco
1170 1675 1248 1742 Par·

106 1777 201 1842 mensi
219 1777 411 1862 praefectus,
430 1775 486 1842 aed
507 1799 631 1842 memor
651 1775 844 1842 Gothofredi
864 1779 1036 1846 verboram
1056 1805 1138 1868 quaa
1156 1805 1247 1868 prae·

106 1886 229 1970 scripsit
252 1883 382 1965 ‘fructus
405 1883 545 1950 laborum
567 1889 611 1950 est
627 1885 749 1968 placere
771 1885 948 1952 neelwrc‘bus
966 1891 994 1952 et
1009 1909 1071 1971 pro
1090 1889 1274 1956 industri&

106 1997 190 2074 atque
210 1993 381 2076 inepriata
392 1991 537 2074 panacea
556 1993 665 2058 taediali
681 1991 875 2074 promereri',
899 1993 1039 2079 gratiam
1062 2019 1127 2062 non
1147 1997 1246 2062 medi·

107 2120 205 2164 ocrem
227 2100 268 2165 ab
291 2097 370 2165 lctis
391 2097 512 2164 nostris
541 2099 615 2164 iniit
638 2097 727 2164 edito
751 2120 781 2163 a.
808 2099 892 2164 1820
916 2089 952 2164 in
974 2101 1053 2165 urba
1077 2123 1136 2166 sua
1160 2103 1245 2172 libro

107 2205 148 2270 sio
170 2205 336 2290 inscripto:
359 2204 494 2270 ‘Tavola
517 2205 701 2291 legislatiua
725 2205 812 2270 della
835 2203 946 2270 Gallia
968 2207 1129 2292 cisalpina
1151 2210 1245 2277 ritro-

108 2315 178 2376 rata
202 2312 237 2376 in
259 2311 376 2397 Valeja
403 2310 481 2376 nell'
509 2332 593 2376 anno
622 2309 819 2377 M.DCC.LX
847 2333 864 2376 e
896 2313 1061 2379 restituito
1094 2315 1159 2380 alla
1186 2338 1246 2384 aua

108 2440 176 2483 rara
197 2407 341 2504 leaione’,
363 2441 428 2484 uua
452 2441 525 2485 cum
545 2418 712 2503 prooemio
733 2441 791 2484 suo
811 2418 1157 2507 observationibusque
1176 2425 1245 2510 qui·

108 2525 234 2592 busdam
274 2529 308 2590 et
350 2525 616 2592 adnotationibus
657 2525 864 2612 popularium
902 2549 1034 2594 suorum
1066 2527 1244 2599 Lvoovrc1

108 2631 242 2700 Boaaan
272 2637 305 2699 et
333 2634 479 2699 Ioasurs
503 2633 702 2700 Bsemsraa
733 2630 931 2717 Couasorn,
959 2655 1039 2720 qaas
1067 2658 1135 2702 non
1163 2637 1243 2706 doli·

108 2741 311 2808 turicremas
336 2762 534 2826 suppressas.
579 2737 691 2804 Fidem
720 2739 749 2805 is
773 2739 857 2824 apud
886 2739 1045 2823 plurimos
1068 2743 1243 2812 maximam

109 2846 231 2913 invenit:
255 2869 452 2934 quamquam
475 2867 533 2912 neo
557 2844 726 2912 Xauasuo
746 2845 1047 2913 Sossoasaaaoro
1070 2871 1128 2914 nec
1149 2851 1186 2916 A.
1206 2851 1243 2922 Il.

108 2953 245 3022 Ilaaaao
267 2978 327 3022 neo
354 2975 457 3040 nuper
485 2953 628 3018 Canobo
652 2951 786 3018 Zaanlo
811 2953 983 3038 quicquam
1005 2954 1142 3040 profuit,
1166 2981 1243 3042 quo-

109 3083 170 3128 rum
190 3063 246 3129 illa
270 3065 303 3130 in
322 3061 487 3128 Hanboldi
506 3059 727 3127 Monumentis
746 3059 906 3146 legalibus
929 3083 960 3145 p.
986 3061 1049 3126 144
1067 3083 1137 3148 sqq.
1163 3065 1243 3132 satia

109 3167 211 3236 habuit
232 3169 398 3238 Dirlraomi
426 3167 608 3251 exemplum
638 3188 834 3253 propagare,
861 3168 895 3233 hi
925 3167 1182 3256 spangenbergii
1214 3173 1243 3238 ei

110 3295 163 3358 qna
188 3281 236 3342 est
267 3275 456 3342 auctoritati
491 3297 562 3340 sese
595 3273 838 3360 manciparunt,
871 3273 1019 3360 Eggerus
1048 3276 1177 3362 quidem
1209 3279 1243 3344 iu

110 3378 204 3448 Latini
241 3381 399 3450 sermonis
436 3381 622 3448 vetustioris
660 3381 806 3466 reliquiis
840 3405 870 3466 p.
903 3383 968 3448 308
1003 3405 1084 3468 sqq„
1122 3383 1241 3450 Zellius

111 3485 273 3556 Ilnchiridii
297 3489 523 3576 epigraphioes
547 3491 726 3574 Romanae,
755 3489 871 3554 afidci
901 3489 994 3554 lande
1018 3511 1133 3574 parurn
1157 3513 1241 3556 com·

112 3597 301 3682 mendabilia,
328 3601 419 3663 torno
448 3596 462 3660 I
486 3619 516 3681 p.
544 3597 607 3662 277
637 3619 706 3680 sqq.
752 3593 815 3660 Sed
842 3599 951 3660 tamen
979 3617 1020 3661 na
1043 3595 1083 3660 de
1106 3595 1242 3662 Lamani

112 3702 222 3783 quidem
246 3703 387 3788 exempli
410 3703 472 3768 tide
492 3703 660 3768 dubitandi
680 3724 796 3768 caussa
814 3701 920 3767 omnis
940 3699 1050 3783 deluit,
1074 3723 1146 3766 cum
1166 3703 1240 3768 aliis

112 3805 297 3893 inpartibus
322 3809 495 3896 inquibus
524 3809 573 3874 illi
596 3807 779 3874 Martiniano
803 3809 979 3873 auotoritas
1002 3809 1241 3896 adversaretur,

112 3919 169 3982 tun
189 3941 225 3984 eo
247 3919 281 3985 in
304 3940 422 4005 genere
446 3921 559 4002 suapte
587 3923 706 3983 natura
730 3916 821 3982 valde
850 3915 974 3980 lubrico
1003 3915 1088 4000 quod
1112 3917 1152 3982 ad
1176 3916 1241 3983 sin·

113 4023 242 4105 galerum
260 4027 443 4091 litterarum
467 4025 707 4109 syllabarumve
727 4025 848 4108 figuras
868 4023 935 4088 sive
954 4023 1097 4110 mtegraa
1117 4027 1149 4088 et
1167 4046 1238 4108 per·

114 4130 222 4210 spieuas
245 4132 311 4198 sive
335 4131 469 4197 mutilas
490 4133 540 4196 vel
560 4131 713 4198 evanidas
733 4133 866 4214 spectat.
898 4128 936 4195 Iu
955 4153 1019 4216 quo
1038 4151 1155 4216 genero
1174 4131 1238 4196 iarn

115 4233 238 4304 Uarliani
267 4239 405 4326 exempli
434 4243 530 4325 atque
558 4239 732 4304 Mariniaui
764 4241 858 4302 tanta
885 4237 1103 4324 discrepantia
1132 4236 1238 4304 fuerat

115 4347 152 4424 ut,
171 4365 234 4408 curn
258 4346 288 4410 in
313 4345 374 4412 hoc
393 4345 617 4432 paucissimae,
640 4345 819 4430 permultae
843 4349 951 4412 autom
975 4345 1010 4410 in
1033 4345 1090 4411 illo
1110 4344 1238 4410 litterae

116 4451 228 4515 notatae
257 4456 363 4518 essent
390 4455 428 4518 ut
456 4452 613 4538 incertae,
636 4457 767 4538 propter
790 4453 823 4518 id
846 4453 954 4538 ipsum
978 4475 1015 4518 cx
1038 4451 1100 4518 hoe
1123 4453 1238 4536 utpote
1322 4543 1327 4556 ἕ
