<?xml version="1.0" encoding="UTF-8"?>
<!DOCTYPE html PUBLIC "-//W3C//DTD XHTML 1.0 Transitional//EN"
    "http://www.w3.org/TR/xhtml1/DTD/xhtml1-transitional.dtd">
<html xmlns="http://www.w3.org/1999/xhtml" xml:lang="en" lang="en">
 <head>
  <title>
</title>
<meta http-equiv="Content-Type" content="text/html;charset=utf-8" />
  <meta name='ocr-system' content='tesseract 3.04.00' />
  <meta name='ocr-capabilities' content='ocr_page ocr_carea ocr_par ocr_line ocrx_word'/>
</head>
<body>
  <div class='ocr_page' id='page_1' title='image "./fridericiritsch03ritsgoog_0354.png"; bbox 0 0 3008 5118; ppageno 0'>
   <div class='ocr_carea' id='block_1_1' title="bbox 404 376 1164 443">
    <p class='ocr_par' dir='ltr' id='par_1_1' title="bbox 404 376 1164 443">
     <span class='ocr_line' id='line_1_1' title="bbox 404 376 1164 443; baseline 0 -3"><span class='ocrx_word' id='word_1_1' title='bbox 404 393 618 443; x_wconf 76' lang='lat' dir='ltr'>erosorurus</span> <span class='ocrx_word' id='word_1_2' title='bbox 641 393 778 442; x_wconf 78' lang='lat' dir='ltr'>nonme.</span> <span class='ocrx_word' id='word_1_3' title='bbox 1099 376 1164 440; x_wconf 83' lang='lat'>319</span> 
     </span>
    </p>
   </div>
   <div class='ocr_carea' id='block_1_2' title="bbox 38 529 1240 4570">
    <p class='ocr_par' dir='ltr' id='par_1_2' title="bbox 41 529 1162 710">
     <span class='ocr_line' id='line_1_2' title="bbox 41 529 1162 621; baseline 0.001 -23"><span class='ocrx_word' id='word_1_4' title='bbox 41 529 207 618; x_wconf 74' lang='lat' dir='ltr'>habituram</span> <span class='ocrx_word' id='word_1_5' title='bbox 229 533 340 619; x_wconf 81' lang='lat' dir='ltr'>fuisse,</span> <span class='ocrx_word' id='word_1_6' title='bbox 368 536 402 600; x_wconf 91' lang='lat' dir='ltr'>in</span> <span class='ocrx_word' id='word_1_7' title='bbox 426 558 490 621; x_wconf 90' lang='lat' dir='ltr'>quo</span> <span class='ocrx_word' id='word_1_8' title='bbox 514 539 635 601; x_wconf 79' lang='lat' dir='ltr'>certem</span> <span class='ocrx_word' id='word_1_9' title='bbox 658 536 708 600; x_wconf 91' lang='lat' dir='ltr'>illi</span> <span class='ocrx_word' id='word_1_10' title='bbox 732 535 841 600; x_wconf 89' lang='lat' dir='ltr'>sedem</span> <span class='ocrx_word' id='word_1_11' title='bbox 864 535 1020 620; x_wconf 76' lang='lat' dir='ltr'><strong>pristinae</strong></span> <span class='ocrx_word' id='word_1_12' title='bbox 1043 533 1162 601; x_wconf 84' lang='lat' dir='ltr'>formu-</span> 
     </span>
     <span class='ocr_line' id='line_1_3' title="bbox 41 643 436 710; baseline 0 -2"><span class='ocrx_word' id='word_1_13' title='bbox 41 643 82 708; x_wconf 75' lang='lat' dir='ltr'>lae</span> <span class='ocrx_word' id='word_1_14' title='bbox 102 643 290 708; x_wconf 87' lang='lat' dir='ltr'>consuetudo</span> <span class='ocrx_word' id='word_1_15' title='bbox 314 645 436 710; x_wconf 76' lang='lat' dir='ltr'>fixerat.</span> 
     </span>
    </p>

    <p class='ocr_par' dir='ltr' id='par_1_3' title="bbox 38 749 1165 1884">
     <span class='ocr_line' id='line_1_4' title="bbox 114 749 1162 837; baseline 0.001 -24"><span class='ocrx_word' id='word_1_16' title='bbox 114 749 299 834; x_wconf 76' lang='lat' dir='ltr'>Postquam,</span> <span class='ocrx_word' id='word_1_17' title='bbox 322 749 399 835; x_wconf 86' lang='lat' dir='ltr'>quid</span> <span class='ocrx_word' id='word_1_18' title='bbox 423 749 543 816; x_wconf 82' lang='lat' dir='ltr'>Caesar</span> <span class='ocrx_word' id='word_1_19' title='bbox 564 751 768 837; x_wconf 75' lang='lat' dir='ltr'><strong>praecepisse</strong></span> <span class='ocrx_word' id='word_1_20' title='bbox 792 749 949 834; x_wconf 76' lang='lat' dir='ltr'>videatur,</span> <span class='ocrx_word' id='word_1_21' title='bbox 972 749 1162 834; x_wconf 77' lang='lat' dir='ltr'>disceptavi-</span> 
     </span>
     <span class='ocr_line' id='line_1_5' title="bbox 42 855 1163 942; baseline 0 -22"><span class='ocrx_word' id='word_1_22' title='bbox 42 877 111 939; x_wconf 90' lang='lat' dir='ltr'>mus,</span> <span class='ocrx_word' id='word_1_23' title='bbox 136 855 174 920; x_wconf 88' lang='lat' dir='ltr'>de</span> <span class='ocrx_word' id='word_1_24' title='bbox 196 861 334 942; x_wconf 82' lang='lat' dir='ltr'>cognato</span> <span class='ocrx_word' id='word_1_25' title='bbox 357 857 544 923; x_wconf 89' lang='lat' dir='ltr'>testimonio</span> <span class='ocrx_word' id='word_1_26' title='bbox 568 856 610 922; x_wconf 91' lang='lat' dir='ltr'>M.</span> <span class='ocrx_word' id='word_1_27' title='bbox 634 856 737 922; x_wconf 89' lang='lat' dir='ltr'>Tulli</span> <span class='ocrx_word' id='word_1_28' title='bbox 761 855 960 922; x_wconf 84' lang='lat' dir='ltr'>Ciceronis</span> <span class='ocrx_word' id='word_1_29' title='bbox 991 856 1163 922; x_wconf 85' lang='lat' dir='ltr'>videndum</span> 
     </span>
     <span class='ocr_line' id='line_1_6' title="bbox 40 961 1164 1048; baseline 0.001 -23"><span class='ocrx_word' id='word_1_30' title='bbox 40 963 178 1047; x_wconf 85' lang='lat' dir='ltr'>estquod</span> <span class='ocrx_word' id='word_1_31' title='bbox 201 967 251 1028; x_wconf 90' lang='lat' dir='ltr'>est</span> <span class='ocrx_word' id='word_1_32' title='bbox 274 963 307 1028; x_wconf 93' lang='lat' dir='ltr'>in</span> <span class='ocrx_word' id='word_1_33' title='bbox 331 963 468 1029; x_wconf 75' lang='lat' dir='ltr'>Oratore</span> <span class='ocrx_word' id='word_1_34' title='bbox 491 985 559 1048; x_wconf 84' lang='lat' dir='ltr'>cop.</span> <span class='ocrx_word' id='word_1_35' title='bbox 579 966 620 1028; x_wconf 78' lang='lat'>47</span> <span class='ocrx_word' id='word_1_36' title='bbox 645 967 666 1044; x_wconf 66' lang='grc' dir='ltr'><strong>ξ</strong></span> <span class='ocrx_word' id='word_1_37' title='bbox 692 963 764 1042; x_wconf 82' lang='grc'><strong>157,</strong></span> <span class='ocrx_word' id='word_1_38' title='bbox 787 963 843 1028; x_wconf 87' lang='lat' dir='ltr'>sed</span> <span class='ocrx_word' id='word_1_39' title='bbox 866 963 898 1027; x_wconf 90' lang='lat' dir='ltr'>id</span> <span class='ocrx_word' id='word_1_40' title='bbox 922 967 955 1027; x_wconf 85' lang='lat' dir='ltr'>et</span> <span class='ocrx_word' id='word_1_41' title='bbox 975 985 996 1038; x_wconf 69' lang='lat' dir='ltr'>s</span> <span class='ocrx_word' id='word_1_42' title='bbox 1020 961 1164 1027; x_wconf 80' lang='lat' dir='ltr'>librariis</span> 
     </span>
     <span class='ocr_line' id='line_1_7' title="bbox 40 1068 1163 1157; baseline -0.001 -23"><span class='ocrx_word' id='word_1_43' title='bbox 40 1070 158 1154; x_wconf 77' lang='lat' dir='ltr'>pessime</span> <span class='ocrx_word' id='word_1_44' title='bbox 180 1068 330 1135; x_wconf 85' lang='lat' dir='ltr'>habitum</span> <span class='ocrx_word' id='word_1_45' title='bbox 353 1071 488 1136; x_wconf 86' lang='lat' dir='ltr'>necdum</span> <span class='ocrx_word' id='word_1_46' title='bbox 516 1071 550 1136; x_wconf 89' lang='lat' dir='ltr'>in</span> <span class='ocrx_word' id='word_1_47' title='bbox 573 1071 736 1157; x_wconf 79' lang='lat' dir='ltr'>integrum</span> <span class='ocrx_word' id='word_1_48' title='bbox 767 1071 808 1135; x_wconf 79' lang='lat' dir='ltr'>ab</span> <span class='ocrx_word' id='word_1_49' title='bbox 833 1069 1011 1135; x_wconf 86' lang='lat' dir='ltr'>editoribus</span> <span class='ocrx_word' id='word_1_50' title='bbox 1035 1069 1163 1134; x_wconf 83' lang='lat' dir='ltr'>restitu-</span> 
     </span>
     <span class='ocr_line' id='line_1_8' title="bbox 39 1173 1164 1262; baseline 0.001 -23"><span class='ocrx_word' id='word_1_51' title='bbox 39 1179 102 1240; x_wconf 86' lang='lat' dir='ltr'>tum.</span> <span class='ocrx_word' id='word_1_52' title='bbox 131 1175 174 1240; x_wconf 83' lang='lat' dir='ltr'>Et</span> <span class='ocrx_word' id='word_1_53' title='bbox 188 1173 378 1242; x_wconf 82' lang='lat' dir='ltr'>Ciceronem</span> <span class='ocrx_word' id='word_1_54' title='bbox 402 1177 458 1244; x_wconf 92' lang='lat' dir='ltr'>illo</span> <span class='ocrx_word' id='word_1_55' title='bbox 483 1177 588 1262; x_wconf 83' lang='lat' dir='ltr'>ospite</span> <span class='ocrx_word' id='word_1_56' title='bbox 611 1182 740 1243; x_wconf 80' lang='lat' dir='ltr'>constat</span> <span class='ocrx_word' id='word_1_57' title='bbox 762 1177 797 1242; x_wconf 87' lang='lat' dir='ltr'>in</span> <span class='ocrx_word' id='word_1_58' title='bbox 820 1175 1000 1242; x_wconf 79' lang='lat' dir='ltr'>coversari</span> <span class='ocrx_word' id='word_1_59' title='bbox 1018 1181 1064 1260; x_wconf 90' lang='lat' dir='ltr'>ut,</span> <span class='ocrx_word' id='word_1_60' title='bbox 1087 1175 1164 1262; x_wconf 88' lang='lat' dir='ltr'>quid</span> 
     </span>
     <span class='ocr_line' id='line_1_9' title="bbox 39 1280 1163 1349; baseline 0.004 -6"><span class='ocrx_word' id='word_1_61' title='bbox 39 1280 254 1347; x_wconf 82' lang='lat' dir='ltr'>informandis</span> <span class='ocrx_word' id='word_1_62' title='bbox 278 1283 445 1348; x_wconf 77' lang='lat' dir='ltr'>vocabulis</span> <span class='ocrx_word' id='word_1_63' title='bbox 469 1284 691 1349; x_wconf 89' lang='lat' dir='ltr'>consuetudini</span> <span class='ocrx_word' id='word_1_64' title='bbox 715 1283 841 1348; x_wconf 86' lang='lat' dir='ltr'>surium</span> <span class='ocrx_word' id='word_1_65' title='bbox 865 1282 984 1348; x_wconf 84' lang='lat' dir='ltr'>iudicio</span> <span class='ocrx_word' id='word_1_66' title='bbox 1008 1283 1163 1348; x_wconf 87' lang='lat' dir='ltr'>obsecun-</span> 
     </span>
     <span class='ocr_line' id='line_1_10' title="bbox 38 1387 1165 1476; baseline 0.004 -26"><span class='ocrx_word' id='word_1_67' title='bbox 38 1387 112 1451; x_wconf 82' lang='lat' dir='ltr'>danti</span> <span class='ocrx_word' id='word_1_68' title='bbox 134 1387 276 1454; x_wconf 81' lang='lat' dir='ltr'>dandum</span> <span class='ocrx_word' id='word_1_69' title='bbox 300 1389 343 1454; x_wconf 92' lang='lat' dir='ltr'>sit</span> <span class='ocrx_word' id='word_1_70' title='bbox 366 1394 495 1474; x_wconf 80' lang='lat' dir='ltr'>praeter</span> <span class='ocrx_word' id='word_1_71' title='bbox 517 1391 648 1476; x_wconf 73' lang='lat' dir='ltr'>regulae</span> <span class='ocrx_word' id='word_1_72' title='bbox 675 1391 727 1456; x_wconf 76' lang='lat' dir='ltr'>rel</span> <span class='ocrx_word' id='word_1_73' title='bbox 756 1391 926 1475; x_wconf 85' lang='lat' dir='ltr'>veriloquii</span> <span class='ocrx_word' id='word_1_74' title='bbox 949 1391 1165 1474; x_wconf 78' lang='lat' dir='ltr'>severitatem,</span> 
     </span>
     <span class='ocr_line' id='line_1_11' title="bbox 38 1495 1163 1584; baseline 0.005 -27"><span class='ocrx_word' id='word_1_75' title='bbox 38 1495 120 1558; x_wconf 82' lang='lat' dir='ltr'>rsriis</span> <span class='ocrx_word' id='word_1_76' title='bbox 141 1496 299 1580; x_wconf 86' lang='lat' dir='ltr'>exemplis</span> <span class='ocrx_word' id='word_1_77' title='bbox 322 1502 542 1582; x_wconf 86' lang='lat' dir='ltr'>persequatur.</span> <span class='ocrx_word' id='word_1_78' title='bbox 585 1497 697 1584; x_wconf 77' lang='lat' dir='ltr'>ltaque</span> <span class='ocrx_word' id='word_1_79' title='bbox 721 1497 760 1562; x_wconf 91' lang='lat' dir='ltr'>de</span> <span class='ocrx_word' id='word_1_80' title='bbox 783 1499 881 1562; x_wconf 91' lang='lat' dir='ltr'>idem</span> <span class='ocrx_word' id='word_1_81' title='bbox 904 1497 1093 1582; x_wconf 88' lang='lat' dir='ltr'>pronomine</span> <span class='ocrx_word' id='word_1_82' title='bbox 1117 1499 1163 1563; x_wconf 90' lang='lat' dir='ltr'>sic</span> 
     </span>
     <span class='ocr_line' id='line_1_12' title="bbox 39 1602 1165 1690; baseline 0.005 -27"><span class='ocrx_word' id='word_1_83' title='bbox 39 1622 96 1665; x_wconf 87' lang='lat' dir='ltr'>eum</span> <span class='ocrx_word' id='word_1_84' title='bbox 118 1602 227 1686; x_wconf 88' lang='lat' dir='ltr'>scripti</span> <span class='ocrx_word' id='word_1_85' title='bbox 251 1603 328 1669; x_wconf 90' lang='lat' dir='ltr'>libri</span> <span class='ocrx_word' id='word_1_86' title='bbox 351 1608 385 1668; x_wconf 87' lang='lat' dir='ltr'>et</span> <span class='ocrx_word' id='word_1_87' title='bbox 402 1605 614 1670; x_wconf 82' lang='lat' dir='ltr'>vetustissimi</span> <span class='ocrx_word' id='word_1_88' title='bbox 633 1605 783 1690; x_wconf 85' lang='lat' dir='ltr'>impressi</span> <span class='ocrx_word' id='word_1_89' title='bbox 802 1605 1023 1688; x_wconf 70' lang='lat' dir='ltr'>disputantem</span> <span class='ocrx_word' id='word_1_90' title='bbox 1041 1605 1165 1670; x_wconf 77' lang='lat' dir='ltr'>fuciunt</span> 
     </span>
     <span class='ocr_line' id='line_1_13' title="bbox 39 1708 1165 1797; baseline 0.004 -25"><span class='ocrx_word' id='word_1_91' title='bbox 39 1713 66 1772; x_wconf 90' lang='lat' dir='ltr'>ut</span> <span class='ocrx_word' id='word_1_92' title='bbox 85 1708 163 1774; x_wconf 79' lang='lat' dir='ltr'>inire</span> <span class='ocrx_word' id='word_1_93' title='bbox 185 1711 280 1795; x_wconf 91' lang='lat' dir='ltr'>posui</span> <span class='ocrx_word' id='word_1_94' title='bbox 305 1711 416 1777; x_wconf 77' lang='lat' dir='ltr'>addite</span> <span class='ocrx_word' id='word_1_95' title='bbox 436 1712 615 1797; x_wconf 79' lang='lat' dir='ltr'>scripturos</span> <span class='ocrx_word' id='word_1_96' title='bbox 633 1712 850 1795; x_wconf 79' lang='lat' dir='ltr'>discrepantis</span> <span class='ocrx_word' id='word_1_97' title='bbox 869 1733 916 1796; x_wconf 82' lang='lat' dir='ltr'>es,</span> <span class='ocrx_word' id='word_1_98' title='bbox 939 1713 1029 1776; x_wconf 90' lang='lat' dir='ltr'>cuius</span> <span class='ocrx_word' id='word_1_99' title='bbox 1048 1711 1165 1796; x_wconf 79' lang='lat' dir='ltr'>uliquis</span> 
     </span>
     <span class='ocr_line' id='line_1_14' title="bbox 39 1813 504 1884; baseline 0.017 -8"><span class='ocrx_word' id='word_1_100' title='bbox 39 1813 143 1882; x_wconf 85' lang='lat' dir='ltr'>iurem</span> <span class='ocrx_word' id='word_1_101' title='bbox 165 1821 314 1882; x_wconf 77' lang='lat' dir='ltr'>nostrum</span> <span class='ocrx_word' id='word_1_102' title='bbox 338 1841 416 1884; x_wconf 88' lang='lat' dir='ltr'>usus</span> <span class='ocrx_word' id='word_1_103' title='bbox 439 1824 504 1884; x_wconf 87' lang='lat' dir='ltr'>est:</span> 
     </span>
    </p>

    <p class='ocr_par' dir='ltr' id='par_1_4' title="bbox 38 1921 1240 4570">
     <span class='ocr_line' id='line_1_15' title="bbox 90 1921 1164 2011; baseline 0.005 -26"><span class='ocrx_word' id='word_1_104' title='bbox 90 1921 170 1986; x_wconf 89' lang='lat' dir='ltr'>idem</span> <span class='ocrx_word' id='word_1_105' title='bbox 194 1921 328 2010; x_wconf 90' lang='lat' dir='ltr'>(isdem)</span> <span class='ocrx_word' id='word_1_106' title='bbox 352 1931 484 2010; x_wconf 75' lang='lat' dir='ltr'>campus</span> <span class='ocrx_word' id='word_1_107' title='bbox 512 1925 612 2008; x_wconf 81' lang='lat' dir='ltr'>habet</span> <span class='ocrx_word' id='word_1_108' title='bbox 639 1926 745 2011; x_wconf 90' lang='lat' dir='ltr'>inquit</span> <span class='ocrx_word' id='word_1_109' title='bbox 767 1925 893 1992; x_wconf 79' lang='lat' dir='ltr'>Ennius</span> <span class='ocrx_word' id='word_1_110' title='bbox 922 1929 954 1991; x_wconf 87' lang='lat' dir='ltr'>et</span> <span class='ocrx_word' id='word_1_111' title='bbox 977 1927 1010 1990; x_wconf 93' lang='lat' dir='ltr'>in</span> <span class='ocrx_word' id='word_1_112' title='bbox 1033 1925 1164 2011; x_wconf 85' lang='lat' dir='ltr'>templis</span> 
     </span>
     <span class='ocr_line' id='line_1_16' title="bbox 90 2027 1165 2118; baseline 0.004 -26"><span class='ocrx_word' id='word_1_113' title='bbox 90 2027 169 2094; x_wconf 90' lang='lat' dir='ltr'>idem</span> <span class='ocrx_word' id='word_1_114' title='bbox 193 2029 325 2114; x_wconf 88' lang='lat' dir='ltr'>(isdem)</span> <span class='ocrx_word' id='word_1_115' title='bbox 353 2031 515 2115; x_wconf 79' lang='lat' dir='ltr'>probauit.</span> <span class='ocrx_word' id='word_1_116' title='bbox 562 2038 596 2098; x_wconf 78' lang='lat' dir='ltr'>ut</span> <span class='ocrx_word' id='word_1_117' title='bbox 623 2032 742 2098; x_wconf 83' lang='lat' dir='ltr'>eisdem</span> <span class='ocrx_word' id='word_1_118' title='bbox 771 2029 916 2117; x_wconf 87' lang='lat' dir='ltr'>(iisdem,</span> <span class='ocrx_word' id='word_1_119' title='bbox 945 2029 1063 2118; x_wconf 84' lang='lat' dir='ltr'>isdem)</span> <span class='ocrx_word' id='word_1_120' title='bbox 1096 2035 1165 2098; x_wconf 79' lang='lat' dir='ltr'>eret</span> 
     </span>
     <span class='ocr_line' id='line_1_17' title="bbox 91 2135 1165 2224; baseline 0.006 -25"><span class='ocrx_word' id='word_1_121' title='bbox 91 2135 204 2218; x_wconf 88' lang='lat' dir='ltr'>uerius,</span> <span class='ocrx_word' id='word_1_122' title='bbox 237 2157 299 2200; x_wconf 89' lang='lat' dir='ltr'>nec</span> <span class='ocrx_word' id='word_1_123' title='bbox 330 2141 439 2203; x_wconf 78' lang='lat' dir='ltr'>temen</span> <span class='ocrx_word' id='word_1_124' title='bbox 472 2137 588 2204; x_wconf 90' lang='lat' dir='ltr'>iisdem</span> <span class='ocrx_word' id='word_1_125' title='bbox 619 2137 750 2224; x_wconf 89' lang='lat' dir='ltr'>(isdem,</span> <span class='ocrx_word' id='word_1_126' title='bbox 779 2137 915 2224; x_wconf 88' lang='lat' dir='ltr'>eisdem)</span> <span class='ocrx_word' id='word_1_127' title='bbox 947 2143 984 2204; x_wconf 94' lang='lat' dir='ltr'>ut</span> <span class='ocrx_word' id='word_1_128' title='bbox 1016 2139 1165 2224; x_wconf 89' lang='lat' dir='ltr'>opimius.</span> 
     </span>
     <span class='ocr_line' id='line_1_18' title="bbox 90 2243 1165 2331; baseline 0.006 -25"><span class='ocrx_word' id='word_1_129' title='bbox 90 2243 168 2308; x_wconf 77' lang='lat' dir='ltr'>mule</span> <span class='ocrx_word' id='word_1_130' title='bbox 192 2244 335 2309; x_wconf 78' lang='lat' dir='ltr'>sonabat</span> <span class='ocrx_word' id='word_1_131' title='bbox 357 2243 473 2308; x_wconf 84' lang='lat' dir='ltr'>iisdem</span> <span class='ocrx_word' id='word_1_132' title='bbox 497 2244 626 2329; x_wconf 84' lang='lat' dir='ltr'>(isdem,</span> <span class='ocrx_word' id='word_1_133' title='bbox 650 2243 795 2330; x_wconf 89' lang='lat' dir='ltr'>eisdem).</span> <span class='ocrx_word' id='word_1_134' title='bbox 839 2245 1049 2331; x_wconf 77' lang='lat' dir='ltr'>impetratum</span> <span class='ocrx_word' id='word_1_135' title='bbox 1074 2251 1165 2312; x_wconf 81' lang='lat' dir='ltr'>ests</span> 
     </span>
     <span class='ocr_line' id='line_1_19' title="bbox 91 2349 996 2436; baseline 0.004 -22"><span class='ocrx_word' id='word_1_136' title='bbox 91 2349 319 2416; x_wconf 86' lang='lat' dir='ltr'>consuetudine</span> <span class='ocrx_word' id='word_1_137' title='bbox 342 2353 379 2414; x_wconf 90' lang='lat' dir='ltr'>ut</span> <span class='ocrx_word' id='word_1_138' title='bbox 401 2372 536 2436; x_wconf 75' lang='lat' dir='ltr'>peccare</span> <span class='ocrx_word' id='word_1_139' title='bbox 559 2352 731 2418; x_wconf 78' lang='lat' dir='ltr'>suauitatis</span> <span class='ocrx_word' id='word_1_140' title='bbox 755 2374 853 2418; x_wconf 83' lang='lat' dir='ltr'>osuso</span> <span class='ocrx_word' id='word_1_141' title='bbox 874 2352 996 2419; x_wconf 86' lang='lat' dir='ltr'>liceret</span> 
     </span>
     <span class='ocr_line' id='line_1_20' title="bbox 38 2453 1165 2543; baseline 0.006 -26"><span class='ocrx_word' id='word_1_142' title='bbox 38 2453 71 2518; x_wconf 81' lang='lat' dir='ltr'>Et</span> <span class='ocrx_word' id='word_1_143' title='bbox 91 2457 164 2522; x_wconf 87' lang='lat' dir='ltr'>hsec</span> <span class='ocrx_word' id='word_1_144' title='bbox 185 2458 317 2543; x_wconf 88' lang='lat' dir='ltr'>quidem</span> <span class='ocrx_word' id='word_1_145' title='bbox 341 2457 387 2522; x_wconf 86' lang='lat' dir='ltr'>sio</span> <span class='ocrx_word' id='word_1_146' title='bbox 411 2458 534 2543; x_wconf 79' lang='lat' dir='ltr'>scriptu</span> <span class='ocrx_word' id='word_1_147' title='bbox 560 2459 616 2543; x_wconf 89' lang='lat' dir='ltr'>qui</span> <span class='ocrx_word' id='word_1_148' title='bbox 639 2459 836 2542; x_wconf 82' lang='lat' dir='ltr'>defenderet,</span> <span class='ocrx_word' id='word_1_149' title='bbox 863 2463 992 2543; x_wconf 88' lang='lat' dir='ltr'>prseter</span> <span class='ocrx_word' id='word_1_150' title='bbox 1014 2459 1165 2524; x_wconf 82' lang='lat' dir='ltr'>Peterem</span> 
     </span>
     <span class='ocr_line' id='line_1_21' title="bbox 41 2559 1165 2651; baseline 0.003 -26"><span class='ocrx_word' id='word_1_151' title='bbox 41 2559 260 2649; x_wconf 86' lang='lat' dir='ltr'>Wellerumque</span> <span class='ocrx_word' id='word_1_152' title='bbox 291 2586 387 2630; x_wconf 89' lang='lat' dir='ltr'>nemo</span> <span class='ocrx_word' id='word_1_153' title='bbox 416 2566 555 2631; x_wconf 85' lang='lat' dir='ltr'>exstitit:</span> <span class='ocrx_word' id='word_1_154' title='bbox 588 2587 725 2651; x_wconf 87' lang='lat' dir='ltr'>quorum</span> <span class='ocrx_word' id='word_1_155' title='bbox 752 2571 901 2631; x_wconf 84' lang='lat' dir='ltr'>tortuoso</span> <span class='ocrx_word' id='word_1_156' title='bbox 928 2565 1165 2650; x_wconf 76' lang='lat' dir='ltr'>interpretandi</span> 
     </span>
     <span class='ocr_line' id='line_1_22' title="bbox 39 2670 1165 2758; baseline 0.004 -26"><span class='ocrx_word' id='word_1_157' title='bbox 39 2671 157 2736; x_wconf 74' lang='lat' dir='ltr'>miscis</span> <span class='ocrx_word' id='word_1_158' title='bbox 178 2694 246 2738; x_wconf 92' lang='lat' dir='ltr'>non</span> <span class='ocrx_word' id='word_1_159' title='bbox 271 2670 431 2736; x_wconf 83' lang='lat' dir='ltr'>inutiliter</span> <span class='ocrx_word' id='word_1_160' title='bbox 458 2672 561 2737; x_wconf 89' lang='lat' dir='ltr'>oculis</span> <span class='ocrx_word' id='word_1_161' title='bbox 589 2673 801 2757; x_wconf 82' lang='lat' dir='ltr'>perlustrabit</span> <span class='ocrx_word' id='word_1_162' title='bbox 824 2673 894 2758; x_wconf 91' lang='lat' dir='ltr'>qui,</span> <span class='ocrx_word' id='word_1_163' title='bbox 922 2671 999 2757; x_wconf 90' lang='lat' dir='ltr'>quid</span> <span class='ocrx_word' id='word_1_164' title='bbox 1027 2695 1047 2738; x_wconf 82' lang='lat' dir='ltr'><strong>a</strong></span> <span class='ocrx_word' id='word_1_165' title='bbox 1076 2677 1165 2738; x_wconf 88' lang='lat' dir='ltr'>recto</span> 
     </span>
     <span class='ocr_line' id='line_1_23' title="bbox 39 2779 1165 2864; baseline 0.004 -26"><span class='ocrx_word' id='word_1_166' title='bbox 39 2781 64 2838; x_wconf 86' lang='lat' dir='ltr'>et</span> <span class='ocrx_word' id='word_1_167' title='bbox 82 2799 152 2844; x_wconf 78' lang='lat' dir='ltr'>seno</span> <span class='ocrx_word' id='word_1_168' title='bbox 171 2800 311 2863; x_wconf 80' lang='lat' dir='ltr'>prosum</span> <span class='ocrx_word' id='word_1_169' title='bbox 335 2784 368 2844; x_wconf 87' lang='lat' dir='ltr'>et</span> <span class='ocrx_word' id='word_1_170' title='bbox 385 2801 573 2864; x_wconf 84' lang='lat' dir='ltr'>perversum</span> <span class='ocrx_word' id='word_1_171' title='bbox 595 2779 701 2863; x_wconf 85' lang='lat' dir='ltr'>distet,</span> <span class='ocrx_word' id='word_1_172' title='bbox 723 2779 862 2845; x_wconf 85' lang='lat' dir='ltr'>notebili</span> <span class='ocrx_word' id='word_1_173' title='bbox 881 2779 1028 2864; x_wconf 85' lang='lat' dir='ltr'>exemplo</span> <span class='ocrx_word' id='word_1_174' title='bbox 1048 2799 1165 2862; x_wconf 85' lang='lat' dir='ltr'>cogno·</span> 
     </span>
     <span class='ocr_line' id='line_1_24' title="bbox 40 2879 1164 2972; baseline 0.004 -28"><span class='ocrx_word' id='word_1_175' title='bbox 40 2901 109 2945; x_wconf 84' lang='lat' dir='ltr'>scere</span> <span class='ocrx_word' id='word_1_176' title='bbox 129 2884 224 2950; x_wconf 82' lang='lat' dir='ltr'>volet.</span> <span class='ocrx_word' id='word_1_177' title='bbox 267 2883 460 2971; x_wconf 76' lang='lat' dir='ltr'>Negsndum</span> <span class='ocrx_word' id='word_1_178' title='bbox 482 2890 534 2952; x_wconf 88' lang='lat' dir='ltr'>est</span> <span class='ocrx_word' id='word_1_179' title='bbox 558 2889 665 2952; x_wconf 79' lang='lat' dir='ltr'>sutem</span> <span class='ocrx_word' id='word_1_180' title='bbox 689 2887 859 2972; x_wconf 80' lang='lat' dir='ltr'>quicquum</span> <span class='ocrx_word' id='word_1_181' title='bbox 885 2885 956 2952; x_wconf 78' lang='lat' dir='ltr'>seni</span> <span class='ocrx_word' id='word_1_182' title='bbox 979 2879 1164 2951; x_wconf 55' lang='lat' dir='ltr'>e&#39;codioum</span> 
     </span>
     <span class='ocr_line' id='line_1_25' title="bbox 40 2991 1165 3079; baseline 0.007 -31"><span class='ocrx_word' id='word_1_183' title='bbox 40 2991 174 3056; x_wconf 81' lang='lat' dir='ltr'>memoris</span> <span class='ocrx_word' id='word_1_184' title='bbox 197 2991 284 3057; x_wconf 82' lang='lat' dir='ltr'>effici</span> <span class='ocrx_word' id='word_1_185' title='bbox 314 2992 376 3057; x_wconf 88' lang='lat' dir='ltr'>nisi</span> <span class='ocrx_word' id='word_1_186' title='bbox 399 2995 633 3079; x_wconf 76' lang='lat' dir='ltr'>corioquam</span> <span class='ocrx_word' id='word_1_187' title='bbox 657 2992 865 3060; x_wconf 77' lang='lat' dir='ltr'>laudabiliter</span> <span class='ocrx_word' id='word_1_188' title='bbox 889 2993 1059 3060; x_wconf 85' lang='lat' dir='ltr'>Goellerus</span> <span class='ocrx_word' id='word_1_189' title='bbox 1082 3013 1165 3056; x_wconf 90' lang='lat' dir='ltr'>eom-</span> 
     </span>
     <span class='ocr_line' id='line_1_26' title="bbox 39 3098 1164 3185; baseline 0.008 -30"><span class='ocrx_word' id='word_1_190' title='bbox 39 3100 146 3161; x_wconf 82' lang='lat' dir='ltr'>nentus</span> <span class='ocrx_word' id='word_1_191' title='bbox 169 3103 229 3183; x_wconf 88' lang='lat' dir='ltr'>est,</span> <span class='ocrx_word' id='word_1_192' title='bbox 260 3121 300 3164; x_wconf 83' lang='lat' dir='ltr'>ex</span> <span class='ocrx_word' id='word_1_193' title='bbox 322 3099 418 3164; x_wconf 86' lang='lat' dir='ltr'>unius</span> <span class='ocrx_word' id='word_1_194' title='bbox 442 3099 471 3166; x_wconf 89' lang='lat' dir='ltr'>is</span> <span class='ocrx_word' id='word_1_195' title='bbox 488 3101 636 3184; x_wconf 78' lang='lat' dir='ltr'>probauit</span> <span class='ocrx_word' id='word_1_196' title='bbox 657 3100 746 3166; x_wconf 81' lang='lat' dir='ltr'>vocis</span> <span class='ocrx_word' id='word_1_197' title='bbox 770 3098 1026 3185; x_wconf 81' lang='lat' dir='ltr'>transpositione</span> <span class='ocrx_word' id='word_1_198' title='bbox 1049 3099 1164 3164; x_wconf 80' lang='lat' dir='ltr'>turbes</span> 
     </span>
     <span class='ocr_line' id='line_1_27' title="bbox 40 3205 1163 3292; baseline 0.005 -28"><span class='ocrx_word' id='word_1_199' title='bbox 40 3219 130 3268; x_wconf 87' lang='lat' dir='ltr'>omnes</span> <span class='ocrx_word' id='word_1_200' title='bbox 153 3206 270 3272; x_wconf 89' lang='lat' dir='ltr'>misere</span> <span class='ocrx_word' id='word_1_201' title='bbox 294 3206 396 3271; x_wconf 84' lang='lat' dir='ltr'>luxsti</span> <span class='ocrx_word' id='word_1_202' title='bbox 420 3207 578 3273; x_wconf 87' lang='lat' dir='ltr'>sermonis</span> <span class='ocrx_word' id='word_1_203' title='bbox 602 3212 751 3291; x_wconf 84' lang='lat' dir='ltr'>repetens</span> <span class='ocrx_word' id='word_1_204' title='bbox 775 3205 968 3292; x_wconf 83' lang='lat' dir='ltr'>eosdemque</span> <span class='ocrx_word' id='word_1_205' title='bbox 992 3205 1163 3290; x_wconf 90' lang='lat' dir='ltr'>simplicis-</span> 
     </span>
     <span class='ocr_line' id='line_1_28' title="bbox 41 3305 1165 3399; baseline 0.01 -34"><span class='ocrx_word' id='word_1_206' title='bbox 41 3305 107 3372; x_wconf 83' lang='lat' dir='ltr'>simo</span> <span class='ocrx_word' id='word_1_207' title='bbox 131 3313 258 3380; x_wconf 76' lang='lat' dir='ltr'>ratione</span> <span class='ocrx_word' id='word_1_208' title='bbox 287 3314 333 3380; x_wconf 87' lang='lat' dir='ltr'>sic</span> <span class='ocrx_word' id='word_1_209' title='bbox 360 3335 570 3399; x_wconf 86' lang='lat' dir='ltr'>componens:</span> <span class='ocrx_word' id='word_1_210' title='bbox 600 3335 654 3379; x_wconf 82' lang='lat' dir='ltr'>nec</span> <span class='ocrx_word' id='word_1_211' title='bbox 677 3319 779 3378; x_wconf 80' lang='lat' dir='ltr'>tomen</span> <span class='ocrx_word' id='word_1_212' title='bbox 797 3314 946 3396; x_wconf 83' lang='lat' dir='ltr'>probauit</span> <span class='ocrx_word' id='word_1_213' title='bbox 967 3318 1003 3377; x_wconf 84' lang='lat' dir='ltr'>ut</span> <span class='ocrx_word' id='word_1_214' title='bbox 1024 3313 1165 3396; x_wconf 81' lang='lat' dir='ltr'>opimius.</span> 
     </span>
     <span class='ocr_line' id='line_1_29' title="bbox 41 3408 1165 3504; baseline -0.001 -20"><span class='ocrx_word' id='word_1_215' title='bbox 41 3408 97 3484; x_wconf 74' lang='lat' dir='ltr'>Quo</span> <span class='ocrx_word' id='word_1_216' title='bbox 117 3415 186 3484; x_wconf 92' lang='lat' dir='ltr'>loco</span> <span class='ocrx_word' id='word_1_217' title='bbox 210 3424 249 3484; x_wconf 92' lang='lat' dir='ltr'>ut</span> <span class='ocrx_word' id='word_1_218' title='bbox 272 3418 429 3504; x_wconf 77' lang='lat' dir='ltr'>probandi</span> <span class='ocrx_word' id='word_1_219' title='bbox 452 3421 543 3487; x_wconf 90' lang='lat' dir='ltr'>notio</span> <span class='ocrx_word' id='word_1_220' title='bbox 572 3420 711 3485; x_wconf 81' lang='lat' dir='ltr'>infertur</span> <span class='ocrx_word' id='word_1_221' title='bbox 734 3419 916 3504; x_wconf 76' lang='lat' dir='ltr'>aptissime,</span> <span class='ocrx_word' id='word_1_222' title='bbox 945 3421 991 3486; x_wconf 82' lang='lat' dir='ltr'>its</span> <span class='ocrx_word' id='word_1_223' title='bbox 1015 3443 1035 3485; x_wconf 82' lang='lat' dir='ltr'>s</span> <span class='ocrx_word' id='word_1_224' title='bbox 1057 3419 1165 3504; x_wconf 88' lang='lat' dir='ltr'>priore</span> 
     </span>
     <span class='ocr_line' id='line_1_30' title="bbox 41 3513 1164 3612; baseline 0.013 -37"><span class='ocrx_word' id='word_1_225' title='bbox 41 3513 84 3582; x_wconf 91' lang='lat' dir='ltr'>illo</span> <span class='ocrx_word' id='word_1_226' title='bbox 105 3524 149 3588; x_wconf 80' lang='lat' dir='ltr'>rel</span> <span class='ocrx_word' id='word_1_227' title='bbox 171 3525 293 3592; x_wconf 87' lang='lat' dir='ltr'>idcirco</span> <span class='ocrx_word' id='word_1_228' title='bbox 317 3525 532 3591; x_wconf 82' lang='lat' dir='ltr'>sbiudicnnde</span> <span class='ocrx_word' id='word_1_229' title='bbox 554 3525 717 3610; x_wconf 88' lang='lat' dir='ltr'>estquod,</span> <span class='ocrx_word' id='word_1_230' title='bbox 740 3525 768 3592; x_wconf 87' lang='lat' dir='ltr'>si</span> <span class='ocrx_word' id='word_1_231' title='bbox 791 3526 930 3591; x_wconf 82' lang='lat' dir='ltr'>alterum</span> <span class='ocrx_word' id='word_1_232' title='bbox 953 3527 1071 3592; x_wconf 82' lang='lat' dir='ltr'>dixisse</span> <span class='ocrx_word' id='word_1_233' title='bbox 1091 3525 1164 3612; x_wconf 68' lang='lat' dir='ltr'>Ciu-</span> 
     </span>
     <span class='ocr_line' id='line_1_31' title="bbox 41 3624 1165 3718; baseline -0.004 -18"><span class='ocrx_word' id='word_1_234' title='bbox 41 3624 115 3711; x_wconf 69' lang='lat' dir='ltr'>llil’)</span> <span class='ocrx_word' id='word_1_235' title='bbox 135 3629 274 3715; x_wconf 81' lang='lat' dir='ltr'>Ennius,</span> <span class='ocrx_word' id='word_1_236' title='bbox 302 3631 439 3698; x_wconf 78' lang='lat' dir='ltr'>alterum</span> <span class='ocrx_word' id='word_1_237' title='bbox 462 3633 616 3718; x_wconf 88' lang='lat' dir='ltr'>probssse</span> <span class='ocrx_word' id='word_1_238' title='bbox 640 3631 765 3716; x_wconf 87' lang='lat' dir='ltr'>dicitur,</span> <span class='ocrx_word' id='word_1_239' title='bbox 793 3633 907 3718; x_wconf 83' lang='lat' dir='ltr'>putide</span> <span class='ocrx_word' id='word_1_240' title='bbox 930 3634 967 3697; x_wconf 88' lang='lat' dir='ltr'>fit</span> <span class='ocrx_word' id='word_1_241' title='bbox 990 3634 1024 3698; x_wconf 91' lang='lat' dir='ltr'>in</span> <span class='ocrx_word' id='word_1_242' title='bbox 1047 3653 1165 3717; x_wconf 81' lang='lat' dir='ltr'>genere</span> 
     </span>
     <span class='ocr_line' id='line_1_32' title="bbox 42 3731 1164 3805; baseline 0.01 -14"><span class='ocrx_word' id='word_1_243' title='bbox 42 3731 209 3804; x_wconf 84' lang='lat' dir='ltr'>tenuissimo</span> <span class='ocrx_word' id='word_1_244' title='bbox 232 3738 407 3804; x_wconf 88' lang='lat' dir='ltr'>distinctio.</span> <span class='ocrx_word' id='word_1_245' title='bbox 452 3740 521 3805; x_wconf 86' lang='lat' dir='ltr'>Nec</span> <span class='ocrx_word' id='word_1_246' title='bbox 547 3739 630 3804; x_wconf 91' lang='lat' dir='ltr'>illud</span> <span class='ocrx_word' id='word_1_247' title='bbox 657 3761 723 3804; x_wconf 93' lang='lat' dir='ltr'>non</span> <span class='ocrx_word' id='word_1_248' title='bbox 746 3744 832 3804; x_wconf 86' lang='lat' dir='ltr'>recte</span> <span class='ocrx_word' id='word_1_249' title='bbox 857 3763 876 3804; x_wconf 89' lang='lat' dir='ltr'>s</span> <span class='ocrx_word' id='word_1_250' title='bbox 899 3737 1050 3804; x_wconf 85' lang='lat' dir='ltr'>Goellero</span> <span class='ocrx_word' id='word_1_251' title='bbox 1073 3739 1164 3803; x_wconf 90' lang='lat' dir='ltr'>insti-</span> 
     </span>
     <span class='ocr_line' id='line_1_33' title="bbox 43 3837 1240 3928; baseline -0.003 -18"><span class='ocrx_word' id='word_1_252' title='bbox 43 3837 138 3926; x_wconf 69' lang='lat' dir='ltr'>lsslum,</span> <span class='ocrx_word' id='word_1_253' title='bbox 157 3845 240 3928; x_wconf 91' lang='lat' dir='ltr'>quod</span> <span class='ocrx_word' id='word_1_254' title='bbox 255 3843 413 3910; x_wconf 88' lang='lat' dir='ltr'>Orellium</span> <span class='ocrx_word' id='word_1_255' title='bbox 434 3851 561 3912; x_wconf 88' lang='lat' dir='ltr'>secutus</span> <span class='ocrx_word' id='word_1_256' title='bbox 575 3843 684 3910; x_wconf 80' lang='lat' dir='ltr'>Ennio</span> <span class='ocrx_word' id='word_1_257' title='bbox 703 3846 816 3910; x_wconf 82' lang='lat' dir='ltr'>isdem</span> <span class='ocrx_word' id='word_1_258' title='bbox 838 3865 964 3928; x_wconf 84' lang='lat' dir='ltr'>campus</span> <span class='ocrx_word' id='word_1_259' title='bbox 982 3843 1070 3909; x_wconf 80' lang='lat' dir='ltr'>habet</span> <span class='ocrx_word' id='word_1_260' title='bbox 1091 3865 1163 3908; x_wconf 91' lang='lat' dir='ltr'>cum</span> <span class='ocrx_word' id='word_1_261' title='bbox 1178 3867 1240 3908; x_wconf 84' lang='lat' dir='ltr'>vm</span> 
     </span>
     <span class='ocr_line' id='line_1_34' title="bbox 44 3935 1165 4036; baseline 0.012 -34"><span class='ocrx_word' id='word_1_262' title='bbox 44 3935 211 4032; x_wconf 79' lang='lat' dir='ltr'>llrlougensi</span> <span class='ocrx_word' id='word_1_263' title='bbox 235 3951 343 4017; x_wconf 88' lang='lat' dir='ltr'>codice</span> <span class='ocrx_word' id='word_1_264' title='bbox 368 3955 400 4016; x_wconf 91' lang='lat' dir='ltr'>et</span> <span class='ocrx_word' id='word_1_265' title='bbox 422 3949 547 4018; x_wconf 78' lang='lat' dir='ltr'>Veneta</span> <span class='ocrx_word' id='word_1_266' title='bbox 570 3952 688 4036; x_wconf 77' lang='lat' dir='ltr'>altere,</span> <span class='ocrx_word' id='word_1_267' title='bbox 718 3951 832 4017; x_wconf 89' lang='lat' dir='ltr'>deinde</span> <span class='ocrx_word' id='word_1_268' title='bbox 856 3954 965 4016; x_wconf 83' lang='lat' dir='ltr'>sutem</span> <span class='ocrx_word' id='word_1_269' title='bbox 988 3953 1023 4016; x_wconf 82' lang='lat' dir='ltr'>iu</span> <span class='ocrx_word' id='word_1_270' title='bbox 1047 3951 1165 4034; x_wconf 83' lang='lat' dir='ltr'>templis</span> 
     </span>
     <span class='ocr_line' id='line_1_35' title="bbox 45 4045 1165 4125; baseline 0.014 -19"><span class='ocrx_word' id='word_1_271' title='bbox 45 4045 136 4116; x_wconf 82' lang='lat' dir='ltr'>isdem</span> <span class='ocrx_word' id='word_1_272' title='bbox 161 4077 231 4122; x_wconf 88' lang='lat' dir='ltr'>cum</span> <span class='ocrx_word' id='word_1_273' title='bbox 259 4080 324 4124; x_wconf 91' lang='lat' dir='ltr'>uno</span> <span class='ocrx_word' id='word_1_274' title='bbox 347 4059 522 4125; x_wconf 87' lang='lat' dir='ltr'>Dresdensi</span> <span class='ocrx_word' id='word_1_275' title='bbox 549 4059 674 4124; x_wconf 89' lang='lat' dir='ltr'>tribuit.</span> <span class='ocrx_word' id='word_1_276' title='bbox 724 4056 811 4123; x_wconf 81' lang='lat' dir='ltr'>Nam</span> <span class='ocrx_word' id='word_1_277' title='bbox 838 4057 921 4123; x_wconf 90' lang='lat' dir='ltr'>illud</span> <span class='ocrx_word' id='word_1_278' title='bbox 950 4057 1013 4123; x_wconf 89' lang='lat' dir='ltr'>etsi</span> <span class='ocrx_word' id='word_1_279' title='bbox 1036 4055 1165 4123; x_wconf 78' lang='lat' dir='ltr'>Servius</span> 
     </span>
     <span class='ocr_line' id='line_1_36' title="bbox 45 4161 1120 4252; baseline -0.004 -20"><span class='ocrx_word' id='word_1_280' title='bbox 45 4171 149 4240; x_wconf 59' lang='lat' dir='ltr'>‘imque</span> <span class='ocrx_word' id='word_1_281' title='bbox 171 4169 277 4230; x_wconf 65' lang='lat' dir='ltr'>servm</span> <span class='ocrx_word' id='word_1_282' title='bbox 298 4167 461 4252; x_wconf 79' lang='lat' dir='ltr'>integrum</span> <span class='ocrx_word' id='word_1_283' title='bbox 485 4187 612 4230; x_wconf 81' lang='lat' dir='ltr'>versum</span> <span class='ocrx_word' id='word_1_284' title='bbox 636 4163 775 4248; x_wconf 87' lang='lat' dir='ltr'>prodens</span> <span class='ocrx_word' id='word_1_285' title='bbox 799 4164 834 4228; x_wconf 91' lang='lat' dir='ltr'>in</span> <span class='ocrx_word' id='word_1_286' title='bbox 856 4163 937 4228; x_wconf 84' lang='lat' dir='ltr'>Aen.</span> <span class='ocrx_word' id='word_1_287' title='bbox 961 4161 1022 4247; x_wconf 86' lang='lat' dir='ltr'>XI,</span> <span class='ocrx_word' id='word_1_288' title='bbox 1041 4162 1120 4229; x_wconf 79' lang='lat'><strong>326:</strong></span> 
     </span>
     <span class='ocr_line' id='line_1_37' title="bbox 159 4267 1025 4358; baseline 0.002 -24"><span class='ocrx_word' id='word_1_289' title='bbox 159 4267 246 4337; x_wconf 88' lang='lat' dir='ltr'>Idem</span> <span class='ocrx_word' id='word_1_290' title='bbox 269 4293 402 4358; x_wconf 72' lang='lat' dir='ltr'>campus</span> <span class='ocrx_word' id='word_1_291' title='bbox 425 4271 526 4338; x_wconf 77' lang='lat' dir='ltr'>hebet</span> <span class='ocrx_word' id='word_1_292' title='bbox 546 4271 724 4337; x_wconf 83' lang='lat' dir='ltr'>textrinum</span> <span class='ocrx_word' id='word_1_293' title='bbox 747 4271 885 4338; x_wconf 76' lang='lat' dir='ltr'>nauibus</span> <span class='ocrx_word' id='word_1_294' title='bbox 908 4271 1025 4356; x_wconf 79' lang='lat' dir='ltr'>longis,</span> 
     </span>
     <span class='ocr_line' id='line_1_38' title="bbox 46 4365 1165 4462; baseline 0.005 -26"><span class='ocrx_word' id='word_1_295' title='bbox 46 4365 136 4436; x_wconf 67' lang='lat' dir='ltr'>lflmen</span> <span class='ocrx_word' id='word_1_296' title='bbox 157 4377 230 4458; x_wconf 91' lang='lat' dir='ltr'>quid</span> <span class='ocrx_word' id='word_1_297' title='bbox 252 4379 381 4444; x_wconf 78' lang='lat' dir='ltr'>tandem</span> <span class='ocrx_word' id='word_1_298' title='bbox 406 4378 468 4444; x_wconf 88' lang='lat' dir='ltr'>sibi</span> <span class='ocrx_word' id='word_1_299' title='bbox 491 4379 631 4444; x_wconf 78' lang='lat' dir='ltr'>soluisse</span> <span class='ocrx_word' id='word_1_300' title='bbox 661 4377 713 4442; x_wconf 84' lang='lat' dir='ltr'>vel</span> <span class='ocrx_word' id='word_1_301' title='bbox 737 4381 882 4462; x_wconf 74' lang='lat' dir='ltr'>spectare</span> <span class='ocrx_word' id='word_1_302' title='bbox 906 4377 1051 4462; x_wconf 87' lang='lat' dir='ltr'>potuisse</span> <span class='ocrx_word' id='word_1_303' title='bbox 1076 4375 1165 4442; x_wconf 86' lang='lat' dir='ltr'>Oioe·</span> 
     </span>
     <span class='ocr_line' id='line_1_39' title="bbox 48 4478 1165 4570; baseline 0.016 -38"><span class='ocrx_word' id='word_1_304' title='bbox 48 4488 138 4538; x_wconf 87' lang='lat' dir='ltr'>rouen</span> <span class='ocrx_word' id='word_1_305' title='bbox 156 4478 249 4546; x_wconf 74' lang='lat' dir='ltr'>allato</span> <span class='ocrx_word' id='word_1_306' title='bbox 267 4483 366 4548; x_wconf 89' lang='lat' dir='ltr'>idem</span> <span class='ocrx_word' id='word_1_307' title='bbox 386 4482 508 4549; x_wconf 76' lang='lat' dir='ltr'>formae</span> <span class='ocrx_word' id='word_1_308' title='bbox 528 4484 675 4570; x_wconf 84' lang='lat' dir='ltr'>exemplo</span> <span class='ocrx_word' id='word_1_309' title='bbox 693 4484 835 4568; x_wconf 75' lang='lat' dir='ltr'>putabis,</span> <span class='ocrx_word' id='word_1_310' title='bbox 853 4504 917 4569; x_wconf 87' lang='lat' dir='ltr'>que</span> <span class='ocrx_word' id='word_1_311' title='bbox 935 4485 1038 4570; x_wconf 90' lang='lat' dir='ltr'>ipsius</span> <span class='ocrx_word' id='word_1_312' title='bbox 1058 4491 1165 4550; x_wconf 79' lang='lat' dir='ltr'>aetate</span> 
     </span>
    </p>
   </div>
   <div class='ocr_carea' id='block_1_3' title="bbox 0 0 1515 5118">
    <p class='ocr_par' dir='ltr' id='par_1_5' title="bbox 0 0 1515 5118">
     <span class='ocr_line' id='line_1_40' title="bbox 0 0 1515 5118; baseline 0 0"><span class='ocrx_word' id='word_1_313' title='bbox 0 0 1515 5118; x_wconf 95' lang='lat' dir='ltr'> </span> 
     </span>
    </p>
   </div>
  </div>
 </body>
</html>
