2984 5122
111 395 154 442 on
176 393 442 442 necessariora
466 393 613 456 Qveuan
637 393 766 442 namna
789 369 1064 444 nacosmmo'nu.
1109 377 1174 442 459

50 539 91 602 vel
108 535 336 610 CAECILIAE
355 572 362 588 ·
378 573 385 588 ·
399 573 430 588 ··
449 533 877 602 Marathum-culosi
896 573 938 583 -—
962 535 1052 604 Haeo
1075 537 1176 623 igitur

49 645 144 710 onnia
166 646 199 708 et
219 643 359 710 fortasse
383 644 447 709 alia
470 643 584 710 affime
605 641 815 728 perpendisse
838 641 1076 708 Mommsenum
1101 666 1175 710 con·

47 755 222 818 eentaneum
245 756 304 837 eet,
327 753 382 838 qui
406 751 511 817 tribus
534 771 638 835 nuper
661 749 777 836 verbis,
800 749 877 836 quid
900 749 996 816 buius
1014 750 1063 814 rei
1081 755 1176 830 esset,

47 858 227 944 significavit
249 859 282 924 in
306 881 345 926 eo
368 859 453 924 libro
477 880 573 943 quem
596 857 635 923 de
656 857 795 924 historia
824 857 872 922 rei
895 857 1094 922 nummariae
1114 857 1176 923 Ro

46 987 200 1030 manorum
223 967 318 1050 plane
341 965 565 1032 admirabilem
583 967 663 1031 fecit
684 989 715 1050 p.
734 966 809 1050 471,
832 963 1060 1030 observatione
1077 963 1176 1048 longo

45 1072 300 1139 lmctuosiesima.
345 1071 471 1157 Quippe
499 1073 742 1158 apertissimum
769 1093 841 1138 esse
864 1075 1016 1156 putamus
1040 1071 1176 1155 scriptu-

45 1203 105 1244 ram
126 1180 215 1246 illam
238 1202 382 1266 omnem,
411 1202 476 1266 qua
498 1181 511 1246 i
533 1179 644 1246 littera
668 1180 800 1246 nomina
814 1179 988 1265 gentilicia
1010 1177 1178 1262 finiuntur,

44 1309 75 1351 ex
100 1309 133 1352 ea
161 1291 271 1354 aetate
298 1287 428 1373 linguae
460 1287 668 1372 repetendam
698 1309 767 1352 esse
801 1309 864 1372 qua
892 1307 958 1352 non
988 1284 1089 1350 alius
1122 1285 1176 1348 sed

44 1395 122 1478 alis,
143 1417 209 1460 non
233 1392 392 1461 Clodius
416 1393 472 1460 sed
496 1392 630 1458 Clodiu
654 1393 814 1458 diceretur
836 1391 877 1458 ed
900 1392 1048 1476 idemque
1071 1411 1176 1456 exem·

43 1501 121 1585 plum
149 1499 330 1568 Cornelis
363 1500 538 1586 Sulpicio
566 1499 736 1567 Caecilia
763 1499 856 1584 Opis
889 1498 1026 1564 Mumis
1059 1495 1176 1562 Fanis

43 1613 70 1672 et
90 1607 209 1673 similia
233 1607 356 1691 omnia,
386 1629 443 1674 eae
466 1613 575 1674 autem
598 1607 723 1672 formae
746 1628 811 1672 non
834 1605 928 1690 plene
952 1605 1178 1688 scriberentur,

43 1715 91 1778 sed
122 1715 249 1780 abiecta
280 1714 319 1780 de
349 1715 489 1798 pristina
522 1713 750 1780 consuetudine
783 1712 895 1778 littere
927 1711 1017 1778 finali
1050 1708 1176 1777 OlODI

43 1820 218 1888 CORNElI
243 1817 430 1888 valol:
454 1821 550 1906 plane
573 1823 610 1886 ut
632 1820 793 1904 pleniores
812 1841 895 1905 quae
914 1841 1094 1884 successere
1114 1819 1176 1884 lor-

43 1949 103 1992 nee
133 1929 276 2013 scriptae
308 1933 385 1994 sunt
412 1924 519 1996 ΟΠΙΟ
548 1924 745 1995 Dtovrlo
773 1925 994 1994 Fossooclo
1023 1925 1057 1992 in
1080 1925 1177 1992 Prae-

42 2035 165 2100 nestinis
189 2033 339 2119 aliaeque
362 2034 395 2098 in
419 2035 501 2102 eliis.
540 2033 662 2100 Mansit
684 2037 793 2098 autem
817 2054 856 2098 ea
878 2054 942 2120 quo
965 2033 1179 2098 adsueverant

42 2142 202 2226 scriptura,
226 2145 400 2226 postquam
424 2125 484 2208 i‘o's⁴
511 2127 573 2207 ius
593 2140 804 2206 substitutum
829 2144 891 2224 est,
914 2161 1046 2225 prorsus
1066 2139 1178 2206 eadem

41 2249 155 2314 ratione
178 2271 245 2336 qua
268 2246 293 2313 C
317 2249 368 2314 vel
391 2246 470 2314 OOS
499 2247 550 2314 vel
574 2245 654 2314 SVO
682 2251 778 2312 notas
806 2247 913 2313 tenuit
935 2247 984 2311 vis
1008 2249 1177 2312 consuetu·

42 2355 115 2420 dinis
142 2355 245 2422 etiam
272 2359 347 2440 post
371 2354 473 2422 Gaius
501 2355 603 2424 consol
626 2353 751 2420 Subura
777 2354 899 2420 formas
928 2353 1090 2418 communi
1118 2375 1178 2418 usu

42 2467 187 2547 receptae.
236 2461 325 2539 Quae
349 2462 376 2528 ei
400 2463 447 2529 ite
470 2467 558 2542 sunt,
589 2465 627 2528 ot
650 2465 726 2527 eunt
748 2459 904 2546 prolecto,
932 2460 1046 2546 ingens
1070 2461 1178 2527 multi-

42 2567 110 2633 tudo
143 2572 365 2655 exemplorum
403 2571 589 2652 succrescit,
626 2569 743 2655 quibus
781 2567 972 2652 longissime
1004 2565 1178 2651 aliquutdo

42 2677 176 2759 patuisse
209 2698 281 2742 eam
310 2675 559 2742 declinationem
589 2674 807 2759 intellegatur,
839 2675 929 2738 ouius
957 2697 1056 2739 unum
1084 2675 1179 2740 veeti-

43 2783 121 2866 gium
142 2787 276 2870 postera
299 2789 390 2850 aetas
414 2783 487 2848 alis
518 2803 696 2868 pronomen
720 2781 820 2846 novit
866 2779 1024 2846 Servabat
1047 2803 1119 2846 eam
1143 2783 1180 2845 ut

43 2890 100 2954 ulia
117 2895 247 2957 vetuste
265 2891 406 2975 plurima
425 2911 531 2954 sermo
551 2887 708 2973 vulgaris:
732 2886 814 2952 unde
832 2885 873 2951 ad
888 2885 1028 2952 Graecos
1047 2889 1180 2953 transiit
1195 2911 1220 2950 ie

43 2997 140 3084 ibique
163 2999 266 3063 etiam
290 2995 493 3062 constantius
517 2995 663 3080 perstitit
685 3017 782 3080 quam
804 2995 889 3058 inter
906 2994 996 3079 ipsos
1016 2995 1179 3060 Romanos

43 3105 252 3186 posteriorum
277 3103 489 3170 saeculorum.

122 3209 232 3276 Vnum
266 3213 413 3295 superest
444 3209 529 3296 quod
560 3230 627 3274 non
658 3209 765 3294 possis
796 3232 862 3276 non
892 3209 985 3275 valde
1015 3216 1180 3296 expetere:

45 3315 136 3398 ipsius
169 3317 365 3402 antiquioris
398 3317 516 3382 aetatis
545 3317 725 3402 exemplum
753 3316 847 3400 pleno
880 3315 998 3382 litteris
1031 3319 1180 3384 omnibus

44 3421 84 3486 ita
108 3425 324 3509 perscriptum
357 3427 393 3488 ut
423 3423 542 3488 saeculi
571 3421 701 3507 septimi
730 3422 877 3488 exeuntis
905 3422 1052 3508 Lupiana
1084 3429 1180 3508 atquc

45 3527 230 3596 Baldiniana
257 3530 325 3596 illa.
372 3527 435 3594 Sed
462 3530 512 3594 vel
540 3529 615 3594 huic
643 3529 802 3594 desiderio
830 3529 915 3594 houd
945 3531 1011 3595 seio
1035 3552 1077 3595 an
1101 3532 1181 3596 satis

46 3635 156 3704 lectum
186 3639 243 3722 sit,
275 3641 447 3723 postquam
476 3657 578 3721 nuper
605 3636 732 3700 demum
763 3637 816 3702 hic
839 3636 953 3700 titulus
976 3637 1120 3702 innotuit
1148 3637 1181 3702 in

47 3743 130 3826 cippo
153 3743 318 3810 terminali
341 3743 493 3826 scriptus,
517 3747 663 3826 repertus
682 3765 783 3828 prope
802 3742 957 3827 oppidum
977 3741 1059 3826 (sive
1077 3764 1181 3828 pagus

47 3849 103 3934 est)
129 3851 181 3916 eui
208 3849 362 3916 Nazaano
389 3871 522 3932 nomen,
554 3847 640 3914 haud
668 3849 715 3913 ita
743 3849 854 3933 procul
881 3848 987 3914 Roma
1014 3849 1112 3914 situm
1141 3849 1182 3914 ad

47 3955 194 4043 Tiberim,
222 3981 239 4024 e
263 3956 387 4024 Seochii
412 3957 539 4023 schedis
563 3979 582 4022 a
605 3955 771 4040 Rephaele
795 3955 968 4022 Garruccio
998 3955 1181 4039 publicatus

49 4059 77 4123 iu
98 4062 299 4131 ‘Bullettino'
322 4065 470 4130 Romano
494 4063 570 4130 anni
597 4063 682 4128 1860
705 4085 736 4146 p.
755 4064 796 4127 97
823 4061 871 4144 [O.
895 4063 919 4128 Ι.
943 4062 978 4127 L.
1001 4061 1015 4126 l
1039 4085 1070 4128 n.
1085 4065 1181 4144 6331:

379 4167 829 4237 P·MENATES·P·F

456 4277 514 4343 ΤΒ
550 4311 557 4327 ·
594 4275 647 4342 PL

486 4383 516 4448 X
534 4381 565 4448 X
582 4381 613 4448 X

53 4483 115 4553 Hoc
141 4492 224 4559 enim
251 4515 371 4560 nomen
404 4492 488 4578 quod
522 4513 592 4558 esse
623 4490 710 4556 aliud
742 4489 852 4556 credes
885 4489 948 4556 nisi
976 4487 1183 4558 Minatius
