2972 5120
292 271 357 333 524
455 281 460 290 '
526 285 922 334 PRlSCAE·LAT1N1TATIS
946 285 1202 333 srrossrnrcsr

380 430 422 494 H
450 428 544 510 [ibid.
566 452 597 513 p.
616 429 658 492 23
682 451 712 493 n.
733 428 788 508 70]
849 427 930 492 SEX
946 463 952 476 ·
967 427 1154 493 GEMINIO
1169 462 1176 475 ·
1191 426 1318 493 SEU

383 535 413 600 G
450 534 545 617 [Ibid.
568 558 598 619 p.
618 536 714 628 2431.
736 536 790 617 79]
853 533 1195 616 t·MAN101·M-s
1213 535 1290 600 vell

380 643 416 706 F
452 641 547 722 [Ibid.
571 665 600 726 p.
620 643 662 706 26
685 664 715 706 n.
734 643 791 724 94]
853 637 1105 708 mavilo
1122 639 1355 707 ·M·F·t·ll

381 747 409 814 O
452 747 545 829 [Ibid.
568 771 599 831 p.
618 748 661 812 28
684 771 714 812 n.
737 749 813 828 107]
852 746 1043 813 SAVFEIA
1076 829 1079 834 1

380 853 410 922 J
451 855 546 935 [Ibid.
568 877 599 938 p.
618 855 660 920 28
684 878 714 920 n.
736 856 813 936 112]
852 849 1242 920 O·ToD10·SEX·t

292 982 330 1045 In
355 1003 488 1065 quorum
512 981 649 1045 lectione
668 981 750 1044 nihil
770 980 959 1065 ambiguum
977 983 1106 1064 praeter
1125 1003 1223 1044 unum
1241 979 1270 1045 G
1287 979 1401 1043 titulun:

293 1111 386 1174 quem
410 1111 475 1152 non
498 1088 643 1173 profecto
667 1091 875 1171 potueramus
905 1086 953 1150 ite
980 1087 1028 1150 uti
1056 1085 1192 1151 fecimus
1220 1084 1403 1168 interpretari,

291 1196 356 1260 nisi
380 1200 449 1259 tum
473 1217 545 1258 cum
573 1197 719 1278 repertus
747 1198 797 1258 est
824 1193 933 1277 ipsum
955 1189 1113 1257 MANIOI
1140 1213 1260 1257 nomen
1285 1192 1341 1276 legi
1363 1213 1403 1274 po

293 1302 393 1366 tuisse
418 1300 583 1366 Cicerchie
606 1305 745 1366 testatus
770 1305 865 1365 esset.
891 1337 928 1345 -
956 1297 1105 1363 Ceterum
1129 1320 1146 1361 e
1170 1299 1318 1382 gentibus
1333 1295 1404 1360 Pme

292 1407 429 1473 nestinis
453 1407 518 1471 illis
543 1410 695 1490 quattuor
719 1407 784 1470 iam
806 1427 1000 1470 noveramus
1024 1427 1041 1469 e
1064 1408 1246 1469 ceterorum
1268 1403 1405 1468 titulorum

292 1515 462 1579 varietate:
496 1512 639 1578 Cestiam
667 1512 831 1577 Plautiam
863 1511 1025 1578 Saufeium
1054 1510 1205 1596 Tepiam3
1237 1533 1333 1577 novae
1356 1515 1405 1574 tres

293 1622 447 1688 accedunt
471 1619 583 1687 Cincin
606 1620 756 1686 Geminis
778 1618 928 1684 Menioia.
979 1619 1112 1684 Praeter
1134 1617 1170 1683 L.
1193 1617 1348 1684 Plautium
1366 1641 1405 1681 eu·

238 1751 285 1792 vrr
293 1735 359 1794 tem
383 1753 464 1794 unus
489 1729 577 1794 solus
601 1728 635 1792 in
658 1731 751 1792 tanta
780 1726 987 1791 multitudine
1015 1730 1122 1791 exstet
1149 1726 1204 1811 qui
1234 1749 1305 1792 curn
1327 1725 1407 1809 putris

293 1839 392 1902 etiem
425 1837 477 1901 avi
508 1841 620 1900 notem
649 1835 796 1926 iunctam
828 1833 961 1898 hebeat:
1002 1831 1058 1896 M·
1074 1831 1406 1899 0P10·M-F·n·l'

291 1943 414 2026 n.125,
439 1943 545 2008 sedis
569 1941 698 2027 quidem
721 1941 888 2024 aliquanto
915 1941 1126 2006 recentiorem
1156 1944 1295 2006 aetatem
1321 1945 1406 2023 aperto

291 2055 424 2115 testans.

380 2369 467 2445 Quos
496 2371 528 2434 in
555 2370 622 2435 tab.
641 2369 691 2434 ΙΙΙ
716 2367 838 2450 [XVII]
867 2367 981 2433 titulos
1008 2368 1251 2452 proposuimus,
1282 2365 1406 2454 quoniam

291 2476 472 2540 uberiorem
497 2478 732 2541 enarrationem
758 2497 817 2540 nec
844 2475 1014 2560 requirunt
1041 2498 1100 2540 nec
1123 2475 1311 2556 admittunt,
1338 2475 1406 2537 iuver

292 2583 502 2667 exspoliando
527 2584 565 2648 ad
581 2583 943 2667 supplementorum
966 2581 1176 2646 fesciculos
1200 2581 1215 2644 Ι
1240 2587 1277 2646 et
1297 2579 1330 2644 ll
1351 2601 1406 2662 peu·

292 2692 337 2754 cis
362 2692 478 2754 reverti
503 2713 677 2774 eorumque
701 2711 782 2774 quae
806 2689 872 2752 illic
897 2689 1109 2753 commentati
1132 2711 1244 2754 sumus
1268 2685 1381 2771 aliquod

672 2851 1052 2925 AVCTARIVM

292 2992 443 3055 subicere.

379 3097 425 3160 Et
447 3097 487 3162 ad
511 3099 586 3162 tab.
609 3098 629 3162 Ι
654 3098 740 3179 [XV]
766 3096 796 3161 A
820 3097 950 3183 quidem
973 3098 993 3161 i.
1013 3119 1038 3162 e.
1061 3096 1219 3162 titulum
1247 3096 1406 3162 Minuciu-

290 3225 377 3266 num
402 3204 493 3268 illurn
513 3205 598 3289 quod
619 3205 748 3289 attinet,
772 3204 927 3269 dolendus
955 3208 1005 3268 est
1029 3226 1118 3268 error
1137 3204 1268 3288 quidam
1285 3227 1338 3270 nec
1353 3221 1404 3265 mea

290 3331 349 3372 nec
373 3309 478 3374 aliena
506 3313 599 3394 culpa
627 3317 736 3394 natus,
769 3334 874 3394 aquo
904 3335 976 3376 cum
1005 3311 1240 3396 proficiscerer,
1271 3311 1334 3374 fieri
1354 3327 1404 3392 per·

290 3417 386 3482 facile
414 3417 523 3500 potuit
551 3423 586 3482 ut
613 3441 632 3482 a
660 3441 735 3483 vera
764 3419 817 3482 vie
845 3418 1037 3482 aberrarem.
1088 3417 1173 3482 Nom
1202 3441 1273 3483 cum
1296 3411 1403 3481 Brunuii

290 3524 402 3608 verba,
426 3525 542 3608 quibus
566 3525 684 3607 reperti
708 3524 909 3590 monumenti
934 3546 1015 3608 quoe
1039 3525 1184 3589 condicio
1209 3533 1293 3590 esset
1314 3523 1348 3588 ed
1368 3542 1402 3584 nr

290 3633 430 3715 rettulit,
460 3631 498 3694 de
522 3629 627 3694 tribus
652 3633 736 3695 sexis
765 3632 995 3714 interpretatus
1019 3653 1124 3696 essem
1154 3632 1189 3696 in
1212 3655 1306 3698 unum
1326 3627 1402 3695 conti·

289 3741 450 3803 nuitatcm
474 3739 521 3802 ita
543 3737 661 3801 iunctis
685 3741 720 3800 ut
743 3737 788 3800 cis
813 3737 885 3822 ipse
907 3759 983 3820 pars
1010 3737 1119 3802 antica
1145 3759 1220 3802 eree
1244 3737 1401 3801 efficeretur.

290 3868 360 3910 sero
386 3845 528 3928 comperi
553 3867 650 3908 unum
675 3845 780 3909 solum
804 3843 1006 3927 solidumque
1030 3867 1144 3910 sexum
1167 3867 1250 3928 esse,
1279 3844 1310 3907 in
1334 3840 1399 3904 cuius

289 3953 440 4016 lateribus
464 3952 573 4034 potius
598 3953 719 4035 scripta
743 3955 850 4015 essent
877 3974 959 4034 quae
983 3973 1043 4036 ego
1067 3952 1192 4017 duobus
1215 3951 1298 4016 sexis
1318 3943 1399 4012 medio

289 4058 449 4141 contiguis
474 4059 670 4123 tribuissem.
715 4058 763 4122 De
788 4081 851 4141 qun
879 4058 1005 4123 ratione
1034 4059 1061 4122 si
1088 4057 1169 4122 mihi
1196 4059 1283 4143 prius
1307 4049 1398 4120 oonsn'·

290 4164 397 4247 tissct,
430 4165 539 4248 paullo
568 4166 672 4229 minus
703 4164 816 4247 cupide
845 4164 877 4227 in
906 4164 1039 4228 sinistra
1067 4169 1160 4248 perte
1189 4165 1254 4228 tele
1276 4159 1396 4248 quirldsrr

289 4271 520 4352 quaesivissem
555 4271 638 4355 quod
672 4294 743 4334 cum
777 4271 875 4335 titulo
908 4270 1077 4355 principali
1111 4270 1220 4355 aliquo
1252 4265 1395 4333 sententies

290 4377 453 4441 consiliive
486 4379 614 4442 vinculo
647 4380 877 4462 contineretur,
916 4379 971 4442 sed
1004 4378 1044 4442 eb
1078 4377 1136 4443 illo
1169 4399 1295 4463 prorsus
1322 4390 1394 4457 posse
