2984 5122
310 405 596 454 OBSERVATIONES
616 393 889 453 'sarantasmum
1107 385 1169 450 441

54 573 79 632 p.
95 549 162 633 572,
183 551 206 612 θ
230 549 431 615 ΣΕΡΟΥΙΟΣ
461 550 667 616 coactior
698 549 872 615 ΚΟΙΝΤΟΥ
899 548 995 614 rior
1024 545 1171 626 ΣΤρατη-

53 677 98 733 γοε
122 707 253 721 .......
284 676 347 734 προ
374 656 515 735 ημεΡΩΝ
544 657 684 721 ΠΕΝΤΕ
714 655 878 721 ΕΙΔΥΙΩΝ
908 655 1170 721 ΦΕΒΡΟΑΡΙΩΝ.
1292 677 1295 682 ·

52 762 174 826 Eandem
195 762 353 828 rationem
377 765 539 826 testantur
562 759 647 844 apud
672 761 843 844 scriptores
867 768 997 827 servata
1018 763 1172 847 exempla.

51 869 96 933 Bis
117 868 307 952 adscriptum
331 871 382 933 est
398 866 531 951 pridie)
554 866 613 932 lcol.
640 866 787 954 Octoblr).
811 869 845 933 in
867 870 939 934 aede
957 869 1115 952 Apollinis
1138 869 1172 933 in
1223 911 1227 918 ·

51 974 134 1039 Caelii
155 975 192 1040 ad
207 974 394 1041 Ciceronem
414 974 591 1058 epistula-l.
603 973 684 1038 VIII
708 973 747 1039 ad
767 975 877 1040 lam.8
901 978 921 1056 ξ
940 975 960 1040 5
980 979 1013 1040 et
1032 975 1065 1040 6:
1089 973 1172 1038 nihil

50 1083 119 1146 eninr
139 1084 171 1148 in
189 1083 249 1148 hoc
269 1103 385 1168 genere
404 1080 599 1146 discriminis
619 1081 704 1146 inter
723 1080 827 1144 senati
846 1081 995 1146 consulta
1014 1083 1047 1145 et
1065 1083 1173 1146 aucto-

49 1191 145 1254 ritates
179 1187 357 1254 intercedit
417 1186 579 1264 Quattuor
615 1187 665 1252 vel
704 1187 814 1270 potius
850 1187 989 1272 quinque
1025 1187 1173 1273 exempla

48 1296 159 1380 losephi
190 1296 412 1380 Antiquitates
444 1293 593 1358 Iudaicae
624 1293 845 1378 suppeditant,
878 1315 959 1378 quae
990 1298 1173 1380 temporum

48 1404 141 1470 ordine
162 1425 199 1467 eo
222 1402 403 1486 perscripta
426 1401 549 1465 subieci
573 1422 667 1484 quem
692 1401 756 1466 alio
780 1399 851 1465 loco
875 1401 984 1465 dedita
1003 1423 1103 1487 opera
1120 1403 1172 1466 lir-

48 1512 136 1575 mabo.
179 1509 272 1574 Anno
297 1508 397 1594 igitur
420 1505 485 1571 615
509 1529 538 1570 u.
558 1527 583 1572 c.
608 1504 641 1572 L.
657 1506 807 1572 Valerius
832 1507 866 1572 L.
885 1507 907 1572 f.
931 1511 1062 1591 praetor
1085 1530 1172 1575 tuve-

48 1617 219 1696 βουλεύεατο
247 1611 286 1700 τῇ
309 1611 479 1696 ἐυγκλήτιμ
508 1613 606 1679 είδοῑι
629 1614 838 1694 Δεκεμβρίαιε
866 1616 903 1680 ἐν
931 1621 978 1699 τῷ
1000 1621 1057 1695 τήε
1079 1617 1173 1695 ‘Ouo-

47 1723 120 1787 νοίαε
141 1729 206 1808 ναῶ
303 1723 386 1786 teste
410 1720 551 1804 losepho
574 1720 662 1806 XIV,
681 1723 711 1805 8,
730 1721 764 1808 53
788 1761 830 1768 —-
861 1745 894 1786 a..
913 1723 1040 1789 circiter
1063 1725 1172 1789 621-

47 1831 98 1894 ⁶323
119 1829 255 1895 Fannius
279 1828 323 1893 M.
346 1829 367 1893 f.
391 1833 523 1912 praetor
548 1831 667 1909 βουλὴν
695 1830 852 1909 ευνήγαγε
881 1831 944 1909 πρὸ
968 1829 1052 1895 ὀκτῶ
1077 1831 1173 1896 εἰδῶν

46 1938 252 2018 Φεβρουαρίων
275 1937 313 2002 ἐν
335 1937 465 2020 κομιτίῳ
489 1987 495 2001 .
516 1987 522 2001 .
542 1987 549 2000 .
573 1935 666 2020 ΧΠΙ,
684 1935 714 2020 9,
734 1937 768 2020 23
792 1973 834 1982 —-
863 1957 947 2000 anno
972 1937 1037 2002 705
1060 1959 1172 2002 consu·

45 2043 116 2107 lenta
140 2041 173 2108 L.
194 2042 334 2108 Lentulo
368 2065 431 2107 cos.
464 2043 527 2124 πρὸ
556 2043 680 2107 δῶδεκα
713 2043 763 2106 vel
796 2047 971 2124 δεκατριῶν
1002 2047 1173 2109 καλανδῶν

46 2149 238 2230 Ὀκτωβρίων,
261 2153 422 2216 incertum
447 2172 510 2234 quo
533 2150 618 2234 loco,
642 2149 722 2214 illud
748 2149 777 2214 S.
796 2148 830 2215 0.
853 2151 977 2216 lactum
1002 2151 1092 2216 cuiue
1115 2173 1174 2234 per

46 2255 157 2340 loscphi
178 2257 265 2342 XIV,
287 2259 329 2322 10
352 2261 372 2338 β
394 2257 521 2322 13-19
543 2255 688 2340 dispersa
707 2257 846 2342 vestigia
865 2263 1007 2342 exstant3
1030 2295 1066 2306 -
1089 2279 1172 2322 anno

48 2360 100 2423 llll
121 2363 247 2442 δόγματι
271 2367 455 2444 ευγκλήτου,
484 2365 503 2428 ὃ
527 2363 657 2440 ἐγένετο
681 2365 745 2444 πρὸ
769 2367 865 2430 πέντε
890 2365 985 2430 είδῶν
1008 2365 1172 2444 Φεβρουα-

47 2467 111 2544 ρίων
132 2471 166 2534 ἐν
186 2477 231 2556 τῷ
255 2476 325 2554 ναῶ
353 2475 408 2550 τῆε
431 2469 614 2550 Ὁμονοίας,
644 2469 734 2535 Γάιοε
765 2474 879 2553 Καῖεαρ
907 2473 988 2552 ὑπὲρ
1012 2471 1173 2536 Ἰουδαίων

46 2571 131 2650 ἔκρινε
155 2597 179 2641 e.
197 2599 225 2661 q.
245 2599 286 2642 a:
311 2577 357 2641 sic
381 2577 467 2640 enim
491 2576 569 2640 haec
593 2577 834 2662 transponendo
858 2577 1074 2643 consocianda
1098 2583 1173 2642 sunt

46 2679 253 2768 xlv,10,103
279 2721 320 2730 -
344 2684 520 2768 eodemque
541 2706 624 2749 anno
644 2683 678 2747 P.
694 2681 867 2750 Dolabella
886 2683 928 2748 M.
944 2685 1089 2750 Antonio
1109 2707 1173 2752 coe.

46 2783 149 2853 sactum
172 2789 201 2856 S.
220 2790 255 2856 O.
278 2797 317 2875 τῇ
342 2791 406 2871 πρὸ
428 2793 527 2870 τριῶν
550 2791 646 2854 εἰδῶν
670 2789 860 2870 Ἀπριλλίων
887 2791 924 2855 ἐν
946 2795 993 2874 τῷ
1020 2797 1090 2874 ναῷ
1118 2797 1173 2872 τῆ(

45 2891 194 2969 Ὁμονοίαε
216 2897 339 2963 ibidem
357 2901 497 2962 testante
517 2895 665 2981 losepho.
702 2895 786 2962 Nolo
805 2919 890 2962 nunc
909 2897 1086 2980 exspatiari
1105 2898 1172 2963 lon·

46 2999 113 3084 gius,
133 3025 189 3068 nec
207 3005 258 3070 vel
282 3005 510 3087 imperatoriae
535 3005 653 3069 aetatis
673 3005 873 3069 documentis
897 3005 946 3068 uti
964 3004 1016 3069 vel
1036 3004 1172 3071 decretis

47 3110 288 3195 municipalibus,
316 3111 506 3195 praesertim
536 3133 607 3174 cum
635 3111 752 3176 horum
777 3111 1041 3196 conligendorum
1069 3114 1172 3178 otium

47 3211 141 3280 lecerit
162 3215 293 3283 Aemilii
317 3216 483 3282 Huobneri
511 3217 680 3303 diligentia
707 3240 744 3282 ea
773 3219 1046 3284 commentatione
1075 3243 1173 3306 quam

47 3316 87 3384 ‘de
104 3328 225 3390 senatus
244 3324 423 3410 populique
438 3325 474 3388 R.
490 3323 584 3389 actis'
609 3325 762 3408 scriptam
779 3323 978 3390 Fleckeiseni
991 3325 1172 3392 Annalibus

48 3425 143 3506 philol.
165 3429 344 3516 Suppl.111
367 3429 444 3494 fasc.
464 3431 485 3494 5
508 3454 538 3515 p.
557 3431 621 3496 559
643 3455 711 3516 sqq.
735 3432 878 3496 inseruit.
910 3432 985 3498 Nisi
1004 3435 1089 3518 quod
1108 3457 1172 3501 uno

47 3533 138 3600 tamen
164 3538 262 3603 verbo
286 3559 536 3602 commemorare
565 3539 646 3604 talia
672 3543 880 3604 monumenta
908 3539 1037 3624 expedit
1064 3542 1173 3624 qualia

49 3645 109 3703 sunt
129 3642 341 3711 Minuciorum
366 3645 526 3710 sententia
555 3646 595 3710 de
618 3647 865 3711 controversieis
889 3647 974 3711 inter
997 3647 1172 3711 Genuateis

49 3748 73 3807 et
89 3745 242 3816 Veiturics
267 3751 499 3834 componendis
523 3751 618 3834 facta,
640 3751 757 3834 inqua
778 3751 900 3835 legitur
918 3774 945 3816 v.
962 3755 983 3816 4
1004 3776 1050 3837 sq.
1075 3752 1173 3818 SEN-

48 3846 224 3922 duramen
245 3893 251 3906 ·
271 3857 331 3922 EX
346 3893 353 3906 ·
369 3856 528 3922 SENATI
548 3894 554 3906 ·
575 3856 801 3924 CONSVL'I'O
817 3851 1067 3923 ·'DIXERVNT
1087 3894 1094 3908 ·
1113 3860 1172 3924 El-

50 3952 100 4036 ou
121 3957 345 4042 ssDECEMB·
365 3961 1171 4040 n·cancrum-Quomiruolo-Qa-

50 4059 126 4130 008:
147 4071 195 4135 acl
216 4071 373 4155 temporis
395 4074 506 4136 notam
529 4071 608 4135 item
632 4070 785 4136 habentia
808 4071 885 4156 pagi
909 4069 1027 4137 scitum
1052 4071 1171 4138 Hercu·

50 4166 171 4258 laneum,
198 4179 313 4244 titulus
340 4177 508 4244 Furfensis
535 4177 560 4242 I.
584 4177 621 4242 lt.
645 4177 685 4241 N.
709 4179 793 4242 6011
825 4175 874 4258 [Ο.
898 4177 922 4242 Ι.
946 4177 980 4244 L.
1004 4178 1019 4242 I
1043 4201 1073 4243 rr.
1094 4181 1172 4265 6033

50 4270 79 4338 Ρ.
97 4277 128 4344 L.
147 4280 187 4347 M.
209 4285 246 4350 u.
269 4285 335 4350 tab.
359 4284 536 4364 LXXXIII.
578 4281 663 4348 Satis
688 4284 775 4347 enim
798 4285 1016 4368 exemplorum
1037 4287 1172 4352 allatum

52 4387 93 4445 est
115 4391 147 4450 ut
172 4395 227 4455 aut
252 4391 331 4456 nihil
361 4392 469 4457 valere
497 4394 651 4458 similium
680 4393 897 4458 conlationem
925 4393 1090 4458 fatendum
1120 4396 1172 4479 sit,

53 4491 99 4550 aut
117 4489 292 4564 habitorum
320 4499 527 4564 comitiorum
554 4501 637 4564 diem
666 4501 837 4585 locumque
865 4500 971 4584 legem
995 4499 1170 4568 Antoniam
