2972 5120
1204 272 1219 308 ⁸

313 373 378 435 540
545 385 690 432 PRISCAE
715 381 940 430 LATINITATlS
964 377 1222 427 EPIGRAPHICAE

313 531 376 595 sibi
403 531 527 614 imponi
556 529 806 595 abachmanno
835 548 950 611 passus
978 527 1076 608 esset,
1109 545 1129 587 a
1155 543 1219 606 quo
1241 521 1415 585 ‘rarissimum

312 639 374 704 hoe
394 642 427 702 et
445 637 664 722 antiquiorum
683 639 851 721 poetarum
870 634 1038 719 proprium
1056 637 1319 714 (υνεκφωνήεεωε
1334 655 1416 720 genus,

312 745 345 809 in
370 768 433 830 quo
457 747 469 808 i
492 745 615 809 vocalis
642 744 690 808 ita
717 743 888 807 delitescat
915 746 952 806 ut
979 743 1138 826 syllabam
1166 767 1231 808 non
1258 744 1348 808 faeiat
1369 745 1417 808 lon·

312 851 410 934 gam',
446 852 701 916 demonstratum
737 850 815 914 dicit
847 851 1151 916 commentariorum
1188 849 1418 916 Lueretiauorun

312 983 342 1044 p.
359 959 421 1024 129
437 982 483 1043 sq.
515 959 599 1022 Eam
618 960 726 1021 autem
745 957 940 1039 doctrinam,
964 957 1091 1041 qualem
1115 958 1244 1040 quidem
1267 959 1331 1022 illic
1346 958 1419 1021 latius

312 1071 478 1152 patentem
497 1065 679 1149 proposuit,
699 1064 749 1128 eui
769 1068 899 1148 praeter
917 1064 1023 1146 ipsum
1039 1063 1281 1128 Lachmannum
1294 1065 1420 1148 placuisse

313 1175 431 1254 diuam,
465 1173 540 1237 novi
569 1172 744 1237 neminem:
778 1175 874 1254 atque
902 1171 935 1234 in
963 1171 1073 1236 Plauti
1104 1172 1308 1255 potissimum
1333 1171 1421 1236 Teren·

312 1281 412 1365 tiique
442 1285 544 1344 artem
574 1279 637 1362 quo
666 1279 738 1363 quis
767 1278 890 1342 acriore
918 1279 1025 1342 studio
1053 1299 1122 1342 sese
1152 1279 1370 1362 insinuaverit,
1398 1301 1422 1341 eo

313 1388 379 1451 fere
406 1387 525 1450 certius
554 1386 616 1450 sibi
644 1385 836 1468 persuadere
864 1385 957 1449 video
984 1407 1049 1450 non
1073 1407 1143 1449 esse
1166 1385 1232 1450 illia
1255 1388 1354 1470 poetis
1377 1386 1424 1449 ullo

311 1500 407 1578 paeto
427 1497 495 1557 tam
511 1492 671 1556 deformes
690 1491 885 1576 scabrosque
903 1513 1015 1556 versus
1033 1491 1222 1557 tribuendos
1242 1492 1348 1578 quales
1364 1493 1424 1555 miro

313 1607 345 1666 et
368 1599 538 1684 singulari,
565 1621 631 1662 non
659 1598 839 1663 mehercule
868 1595 947 1683 (quo
970 1599 1159 1683 plerumque
1183 1599 1282 1684 valet)
1309 1621 1380 1664 sano
1403 1605 1423 1659 et

312 1709 457 1794 eleganti
481 1707 607 1771 aurium
630 1706 748 1770 iudicio
772 1705 999 1770 Lachmannus
1022 1706 1186 1790 probavit:

229 1869 298 1908 xxss
400 1850 513 1935 Neque
537 1843 813 1932 mendacssoquius
836 1851 939 1934 neque
962 1849 1042 1915 adeo
1066 1853 1218 1935 argutum
1241 1850 1355 1935 magis:

400 1957 548 2021 Libe‘rius
572 1957 701 2020 vivendi
724 1955 786 2021 fuit
808 1959 963 2041 pote‘stas.
1007 1979 1083 2022 nam
1106 1959 1216 2022 antea:

400 2064 443 2128 Di
465 2061 527 2127 tibi
551 2064 634 2126 male'
657 2063 788 2128 faciant.
834 2061 958 2147 primus
982 2067 1069 2129 esses
1093 2066 1296 2130 memoriter:

312 2211 350 2271 ut
372 2207 405 2270 in
429 2207 540 2291 paucis
564 2228 649 2269 nunc
673 2206 857 2270 subsistam.
894 2207 1013 2282 Quales
1036 2207 1160 2271 numeri
1184 2208 1343 2273 innumeri
1360 2205 1427 2270 dubi·

313 2313 376 2376 tari
399 2334 532 2396 prorsus
555 2336 620 2379 non
643 2317 752 2397 potest
779 2316 856 2398 quin
885 2317 941 2378 aut
964 2314 1155 2378 manifestae
1179 2314 1374 2399 corruptelas
1393 2312 1427 2373 rel

279 2445 281 2450 ¹
311 2419 555 2503 interpolationi
588 2421 764 2486 debeantur
797 2425 853 2485 aut
882 2422 978 2506 longe
1012 2421 1109 2485 aliam
1146 2420 1334 2504 expediendi
1364 2421 1427 2483 rien

311 2525 469 2590 habeant:
493 2529 594 2610 velut,
619 2531 655 2592 ut
678 2551 715 2592 ex
738 2527 800 2592 hoc
823 2548 940 2612 genere
963 2549 1061 2591 unum
1085 2528 1269 2611 exemplum
1289 2533 1427 2610 tamquam

312 2633 510 2716 praeteriens
538 2635 770 2717 perstringam,
803 2634 967 2714 malsucerc
993 2636 1026 2696 et
1053 2634 1209 2714 beusacere
1236 2640 1270 2699 et
1296 2635 1427 2714 wilcium

313 2743 344 2803 et
367 2741 536 2821 molftciuoe
560 2741 639 2804 mihi
664 2745 792 2805 constat
814 2741 926 2804 eadem
950 2762 1081 2824 prorsus
1099 2741 1225 2804 ratione
1244 2741 1427 2824 pronuntiata

312 2869 381 2910 esse
406 2871 470 2930 qua
493 2851 543 2911 est
565 2848 757 2912 licaveatuue
780 2849 886 2930 prisca
910 2850 1015 2912 aetate
1043 2851 1076 2911 et
1098 2847 1220 2911 dictum
1244 2851 1277 2910 et
1300 2847 1427 2929 scriptum

312 2975 384 3016 cum
399 2953 471 3018 aliis
487 2977 550 3018 non
566 2955 676 3036 paucis
692 2953 882 3038 finitimis.*)
916 2954 1057 3018 Tantum
1077 2953 1241 3018 affirmare
1260 2953 1428 3019 confidenter

311 3083 456 3143 possum,
479 3062 536 3124 illa
559 3063 612 3126 via
636 3063 663 3126 si
686 3062 834 3127 insistere
859 3062 965 3146 liceat,
988 3061 1070 3125 nihil
1087 3066 1156 3125 tam
1176 3061 1391 3125 inconcinnum
1406 3061 1427 3118 el

312 3188 424 3248 expers
449 3168 543 3250 artis,
570 3169 668 3232 immo
691 3172 761 3231 tam
785 3167 926 3232 insolens
953 3167 1035 3232 nihil
1067 3171 1164 3251 atque
1188 3166 1270 3231 adeo
1293 3163 1426 3250 prodigio-

312 3295 382 3336 sum
407 3296 486 3356 esse,
516 3276 600 3357 quod
627 3298 692 3339 non
716 3274 892 3359 spondeam
921 3273 1044 3357 aliquot
1071 3272 1294 3358 exemplorum
1320 3274 1427 3336 mnae

312 3403 362 3443 me
385 3371 596 3463 probaturum
621 3387 656 3445 ut
678 3381 803 3445 licitum
833 3381 909 3444 olim
938 3385 970 3444 et
998 3379 1189 3445 admissum:
1222 3381 1252 3444 si
1275 3380 1363 3445 modo
1382 3378 1426 3440 hoe

312 3489 361 3549 est
384 3487 534 3569 probare,
567 3489 638 3570 plus
663 3510 758 3570 quam
786 3487 924 3551 rationis
954 3485 1119 3550 severitati
1142 3489 1175 3549 et
1198 3487 1307 3551 sensui
1328 3484 1426 3550 cuidam

312 3594 531 3676 simplicitatis
569 3594 711 3656 tribuere
747 3593 955 3658 librariorum
993 3592 1179 3657 auctoritati
1215 3597 1249 3656 ct
1281 3591 1426 3658 memoriae

311 3701 469 3783 codicum,
502 3700 552 3763 eui
582 3699 734 3783 quamdiu
763 3699 947 3781 mancipata
974 3698 1053 3782 fuit,
1086 3699 1218 3763 omnino
1250 3721 1354 3784 sapere
1378 3715 1424 3759 nou

312 3808 418 3890 coepit
436 3807 606 3889 disciplina
625 3812 809 3870 metrorum.
832 3843 870 3852 -
891 3805 1011 3869 Verum
1032 3808 1101 3870 esto
1121 3809 1157 3868 nt
1175 3807 1344 3889 paeonicae
1361 3822 1425 3866 men·

311 3937 404 3978 surae
424 3913 625 3995 vocabulum,
648 3914 743 3996 quale
769 3915 820 3975 est
843 3912 967 3976 liberios
984 3909 1224 3994 Terentianum,
1248 3934 1306 3997 pro
1323 3905 1423 3988 dactylo

311 4021 410 4085 fuerit
433 4021 596 4084 veteribus
621 4020 739 4103 poetis:
768 4024 803 4083 at
831 4039 868 4081 eo
898 4019 1013 4082 saltem
1037 4017 1279 4102 Lachmannus,
1305 4021 1336 4082 ut
1357 4011 1423 4078 roni·

311 4127 374 4210 oio,
403 4129 472 4210 ipse
496 4150 561 4191 non
585 4126 745 4209 praevidit
768 4125 947 4189 doctrinam
975 4148 1067 4190 suam
1094 4126 1269 4190 valituram
1295 4131 1329 4188 ut
1346 4121 1421 4184 etiam

312 4234 518 4299 choriambus
542 4233 583 4317 (e.
602 4255 627 4296 e.
651 4237 802 4316 quattuor
826 4232 970 4314 syllabae
989 4233 1112 4315 primae
1131 4229 1299 4316 leberiolrrs
1314 4231 1411 4293 forma

312 4363 406 4420 posse
434 4341 556 4424 dactyli
585 4341 670 4404 vices
700 4340 856 4404 sustinere
887 4340 1078 4404 crederetur.
1123 4339 1198 4404 Non
1226 4343 1325 4403 aretem
1352 4325 1419 4396 alini
