3008 5118
333 355 399 417 320
767 371 814 416 nn
840 375 925 416 man
945 373 1047 417 ranan

333 535 429 578 nemo
453 535 518 578 non
542 513 709 576 uteretur?
747 512 820 577 Vna
843 514 926 577 ratio
950 513 1089 596 cogitari
1108 515 1218 595 potest
1237 503 1447 575 commemorati

334 620 433 683 idem
461 618 668 682 nominativi:
702 618 730 681 is
759 622 796 681 ut
823 623 1040 701 opponeretur
1068 617 1162 682 alteri
1195 617 1313 682 isdem
1342 618 1448 698 formae,

334 726 541 810 eiusdemque
569 747 661 789 casus
690 724 851 808 duplicem
882 726 1021 808 speciem
1050 746 1148 788 unum
1175 723 1367 806 eundemque
1392 746 1446 806 poe

334 837 402 897 tam
432 833 586 916 probasse
615 831 843 897 ostenderetur.
891 832 935 896 At
963 832 1011 895 ita
1038 831 1141 896 altero
1169 831 1363 895 nominativo
1386 852 1447 911 opus

334 945 405 1004 erat
428 941 462 1004 in
487 940 634 1023 proximo
658 938 805 1022 exemplo
830 940 864 1001 in
888 939 1007 1020 templis
1030 940 1137 1003 isdem:
1165 938 1222 1002 ubi
1246 941 1351 1000 tamen
1371 937 1393 1000 si
1412 937 1447 999 is·

334 1047 416 1111 dem
449 1068 514 1110 non
546 1045 689 1110 ablativo
727 1068 802 1110 casu
836 1045 957 1110 dictum
994 1049 1092 1128 esset,
1129 1045 1239 1128 inepte
1276 1043 1448 1129 propositum

333 1154 440 1236 ipsum
469 1153 650 1236 exemplum
682 1157 780 1235 esset,
808 1175 879 1216 cum
904 1152 1051 1234 exempla
1074 1157 1325 1217 consentaneum
1346 1151 1383 1213 ait
1402 1171 1448 1212 nou

335 1259 501 1342 ambigua,
530 1257 585 1321 sed
609 1259 689 1322 talia
713 1258 811 1342 deligi
835 1282 930 1342 quae,
963 1280 1057 1342 quem
1088 1279 1199 1321 casum
1222 1257 1371 1338 habeant,
1397 1257 1448 1337 ipsa

335 1365 572 1448 compositione
596 1366 768 1430 verborum
792 1369 982 1431 monstrent.
1335 1444 1337 1448 .

423 1472 483 1535 His
508 1472 609 1555 igitur
632 1473 678 1536 sic
706 1473 893 1536 constitutis
924 1471 1193 1556 progrediendum
1221 1473 1272 1534 est
1295 1469 1334 1534 ad
1355 1469 1452 1532 subiec-

334 1583 402 1643 tam
422 1578 608 1643 aCicerone
633 1577 925 1642 ratiocinationem.
958 1577 1062 1652 Quam
1086 1599 1158 1642 cum
1181 1577 1283 1640 talem
1302 1573 1451 1641 esseGoel·

335 1685 421 1749 lerus
451 1684 567 1750 voluit:
600 1691 634 1748 ot
661 1687 795 1749 eisdem
822 1691 888 1748 erut
914 1686 1035 1750 uerius·
1068 1705 1121 1748 nec
1147 1690 1250 1748 tumea
1274 1684 1408 1765 probauit
1429 1689 1453 1744 ul

334 1793 474 1872 opimius.
511 1792 591 1855 orum
613 1792 740 1855 sorvabat
762 1793 900 1856 iisdem.
937 1793 1133 1873 inpetratum
1160 1796 1204 1856 est
1226 1813 1246 1854 a
1269 1791 1454 1855 concitaretur
1488 1867 1491 1886 .

335 1921 361 1962 c.
384 1921 413 1981 q.
438 1922 480 1980 s,
503 1920 568 1963 non
593 1903 641 1961 est
665 1898 834 1961 veritatem
863 1903 1038 1962 assecutus.
1084 1896 1183 1961 Recte
1207 1897 1337 1981 quidem
1358 1897 1406 1960 ille
1425 1897 1453 1958 ab
1490 1933 1491 1988 3

335 2005 428 2068 initio
458 2005 600 2069 eisdem
633 2009 741 2069 tuetur
772 2027 843 2069 cum
874 2005 1060 2088 Dresdensi,
1092 2004 1303 2088 Erlangensi,
1335 2003 1454 2067 Gudianu
1490 1993 1491 2016 ¹

336 2111 442 2193 tertio,
462 2111 589 2175 Veneta
607 2113 726 2195 prima:
752 2111 807 2174 sed
827 2111 912 2194 quod
930 2111 1080 2193 deinceps
1099 2111 1179 2174 rieule
1201 2111 1332 2174 sonabat
1353 2111 1453 2174 iisdem

336 2217 485 2298 probavit
508 2240 580 2281 cum
600 2218 807 2282 multitudine
827 2217 994 2300 editorum,
1017 2239 1075 2281 nec
1094 2240 1152 2301 per
1174 2239 1208 2281 se
1227 2217 1354 2283 defendi
1372 2224 1454 2301 potest

335 2345 393 2387 uec
417 2326 496 2387 satis
521 2329 571 2388 est
595 2325 635 2388 ad
659 2325 943 2389 consummandam
968 2325 1293 2409 argumentationem.
1327 2323 1404 2387 Male
1420 2345 1453 2385 so·

335 2431 436 2494 nabat
459 2432 602 2514 profecto
626 2432 777 2514 iisdem,
802 2433 857 2495 scd
881 2436 949 2495 tam
974 2433 1058 2496 male
1082 2437 1118 2496 ut
1138 2454 1178 2496 ne
1197 2431 1389 2514 reprobandi
1406 2429 1454 2512 qui·

335 2538 408 2602 dem
442 2560 555 2602 caussa
587 2538 654 2602 ulla
687 2543 779 2602 esset.
831 2536 962 2602 Certum
996 2542 1045 2602 est
1077 2539 1161 2601 enim
1194 2538 1322 2602 labanti
1353 2538 1454 2600 demun
1489 2549 1490 2564 ¹

334 2645 488 2709 latinitati
513 2645 541 2708 ii
565 2645 613 2708 iis
638 2646 774 2709 iisdem
798 2645 920 2709 formas
944 2644 1065 2726 deberi,
1090 2642 1255 2708 Ciceronis
1283 2649 1387 2708 autern
1407 2663 1454 2704 sae-

336 2751 407 2815 culo
432 2756 499 2815 tarn
523 2752 653 2835 ignotas
677 2753 906 2836 fuissentne
931 2753 964 2815 in
987 2754 1128 2816 mentem
1151 2750 1281 2835 quidem
1305 2750 1354 2814 illi
1372 2749 1455 2812 venire

335 2862 458 2940 posset,
491 2858 600 2921 dedita
628 2880 726 2940 opera
754 2859 874 2922 vitatas
902 2880 921 2922 a
950 2880 1111 2942 quoquam
1144 2857 1260 2921 dicere.
1311 2856 1454 2922 Praeterea

336 2969 444 3028 autem
469 2962 543 3046 quid
570 2985 638 3025 esse
658 2964 736 3027 illud
756 2963 909 3047 dicamus,
932 2963 1016 3048 quod
1035 2963 1082 3027 ita
1101 2963 1140 3027 de
1159 2985 1222 3027 uno
1246 2963 1370 3028 isdem
1390 2960 1455 3026 abla-

335 3071 412 3152 tivo,
436 3092 492 3134 cur
515 3070 674 3152 placuerit
697 3069 812 3150 Ennio,
838 3070 989 3154 aperitur,
1017 3069 1056 3133 de
1079 3069 1282 3134 nominativo
1306 3070 1454 3147 isdema

335 3199 398 3261 quo
428 3197 559 3239 exorsus
589 3180 658 3238 erat
682 3172 809 3255 Ciccr0‚
841 3197 881 3238 ne
910 3174 1042 3238 verbum
1075 3174 1203 3257 quidem
1233 3175 1383 3240 additur?
1413 3174 1453 3236 ha

336 3286 386 3344 est
410 3283 448 3344 de
472 3303 510 3345 ea
533 3283 638 3343 forma
662 3302 757 3362 quae,
781 3302 853 3344 cum
877 3281 979 3345 multo
1004 3281 1192 3345 inusitatior
1216 3287 1316 3365 esset,
1340 3283 1452 3365 aliquan

335 3389 471 3452 rationis
496 3387 766 3471 significationem
791 3388 892 3452 multo
917 3388 1021 3472 magis
1045 3387 1244 3470 postulabat
1278 3390 1348 3455 Aut
1365 3389 1452 3454 fulua
1487 3371 1488 3458 l

336 3496 444 3558 omnia
472 3499 528 3557 aut
558 3497 633 3576 post
662 3495 854 3577 explicatam
888 3495 1024 3558 ablativi
1056 3495 1092 3559 in
1123 3495 1306 3577 posteriore
1337 3489 1452 3573 exemplo
1487 3459 1488 3504 i

335 3603 494 3665 rationem
527 3601 566 3664 ad
597 3601 686 3683 prius
719 3601 815 3664 rediit
847 3606 879 3664 et
912 3601 1030 3664 isdem
1062 3601 1300 3666 nominativum
1330 3607 1367 3666 ut
1394 3595 1452 3661 nale

336 3712 504 3772 sonantem
537 3706 723 3788 repudiasse
757 3708 900 3790 linguam
935 3707 1068 3771 addidit.
1127 3706 1172 3771 Et
1204 3715 1374 3773 servarunt
1396 3699 1452 3767 mule

334 3815 462 3877 screabat
492 3815 602 3876 isdem
633 3812 837 3878 Monacensis
868 3814 966 3877 codex
991 3837 1063 3878 cum
1087 3819 1223 3897 utraque
1244 3814 1379 3879 Veneta
1412 3811 1451 3870 Ᾱῑ·

335 3942 396 4004 que
426 3921 471 3983 sic
500 3919 627 3984 demum
659 3920 842 3983 subtiliores
876 3921 1018 3984 rationes
1048 3921 1216 3984 Tullianae
1251 3913 1450 4004 disputationis

335 4049 446 4092 omnes
471 4031 503 4090 ct
521 4027 569 4090 vis
590 4027 716 4090 diversa
735 4050 807 4090 cum
827 4027 1049 4110 exemplorum
1068 4034 1139 4092 tum
1160 4027 1350 4091 iudiciorum
1368 4024 1449 4101 siugu-
1486 3983 1487 4069 l

335 4134 439 4197 lorum
464 4133 551 4196 clara
574 4133 607 4196 in
631 4134 700 4197 luce
725 4135 903 4197 collocatae
927 4140 1093 4217 apparent.
1140 4133 1191 4197 Ad
1215 4153 1379 4198 commune
1398 4144 1449 4190 0011·

336 4241 444 4303 silium
473 4239 567 4322 illud,
599 4244 636 4302 ut
663 4242 844 4324 neglectam
873 4262 942 4304 esse
971 4239 1141 4324 veriloquii
1174 4240 1279 4324 legem
1309 4227 1446 4303 suavitatis

336 4367 448 4409 caussa
473 4347 637 4428 probetur,
663 4352 809 4431 spectant
835 4349 951 4413 omnia.
998 4347 1113 4412 Verius
1138 4352 1208 4411 erat
1235 4346 1349 4410 isdem
1375 4357 1446 4406 σθω·

334 4473 417 4534 pus,
441 4451 525 4534 quod
547 4451 627 4516 dixit
642 4452 780 4517 Ennius:
806 4455 936 4518 stravius
960 4455 1072 4538 idem,
1092 4453 1174 4538 quod
1190 4453 1350 4519 Ciceronis
1368 4453 1445 4511 aeide
