<?xml version="1.0" encoding="UTF-8"?>
<!DOCTYPE html PUBLIC "-//W3C//DTD XHTML 1.0 Transitional//EN"
    "http://www.w3.org/TR/xhtml1/DTD/xhtml1-transitional.dtd">
<html xmlns="http://www.w3.org/1999/xhtml" xml:lang="en" lang="en">
 <head>
  <title>
</title>
<meta http-equiv="Content-Type" content="text/html;charset=utf-8" />
  <meta name='ocr-system' content='tesseract 3.04.00' />
  <meta name='ocr-capabilities' content='ocr_page ocr_carea ocr_par ocr_line ocrx_word'/>
</head>
<body>
  <div class='ocr_page' id='page_1' title='image "./fridericiritsch03ritsgoog_0557.png"; bbox 0 0 2972 5120; ppageno 0'>
   <div class='ocr_carea' id='block_1_1' title="bbox 311 368 1218 430">
    <p class='ocr_par' dir='ltr' id='par_1_1' title="bbox 311 368 1218 430">
     <span class='ocr_line' id='line_1_1' title="bbox 311 368 1218 430; baseline -0.004 0"><span class='ocrx_word' id='word_1_1' title='bbox 311 368 377 430; x_wconf 74' lang='lat'><strong>520</strong></span> <span class='ocrx_word' id='word_1_2' title='bbox 547 382 691 430; x_wconf 70' lang='lat' dir='ltr'><strong>Persona*</strong></span> <span class='ocrx_word' id='word_1_3' title='bbox 716 381 943 429; x_wconf 78' lang='lat' dir='ltr'>LATINITATIS</span> <span class='ocrx_word' id='word_1_4' title='bbox 966 379 1218 428; x_wconf 79' lang='lat' dir='ltr'>EPIGRAPHICAE</span> 
     </span>
    </p>
   </div>
   <div class='ocr_carea' id='block_1_2' title="bbox 668 631 1107 728">
    <p class='ocr_par' dir='ltr' id='par_1_2' title="bbox 668 631 1107 728">
     <span class='ocr_line' id='line_1_2' title="bbox 668 631 1107 728; baseline -0.005 -22"><span class='ocrx_word' id='word_1_5' title='bbox 668 635 977 728; x_wconf 82' lang='lat' dir='ltr'><strong>Supplementum</strong></span> <span class='ocrx_word' id='word_1_6' title='bbox 1005 631 1107 728; x_wconf 89' lang='grc' dir='ltr'><strong>ΙΠ.*)</strong></span> 
     </span>
    </p>
   </div>
   <div class='ocr_carea' id='block_1_3' title="bbox 647 786 1120 858">
    <p class='ocr_par' dir='ltr' id='par_1_3' title="bbox 647 786 1120 858">
     <span class='ocr_line' id='line_1_3' title="bbox 647 786 1120 858; baseline 0 -17"><span class='ocrx_word' id='word_1_7' title='bbox 647 788 726 856; x_wconf 85' lang='lat' dir='ltr'><strong>(Cum</strong></span> <span class='ocrx_word' id='word_1_8' title='bbox 747 787 846 842; x_wconf 88' lang='lat' dir='ltr'><strong>tabula</strong></span> <span class='ocrx_word' id='word_1_9' title='bbox 866 786 1120 858; x_wconf 76' lang='lat' dir='ltr'><strong>lithographa**)).</strong></span> 
     </span>
    </p>
   </div>
   <div class='ocr_carea' id='block_1_4' title="bbox 260 950 1426 2323">
    <p class='ocr_par' dir='ltr' id='par_1_4' title="bbox 260 950 1426 2323">
     <span class='ocr_line' id='line_1_4' title="bbox 260 950 1415 1034; baseline -0.01 -10"><span class='ocrx_word' id='word_1_10' title='bbox 260 985 298 1024; x_wconf 89' lang='lat'><strong>111</strong></span> <span class='ocrx_word' id='word_1_11' title='bbox 400 953 530 1018; x_wconf 89' lang='lat' dir='ltr'><strong>Novum</strong></span> <span class='ocrx_word' id='word_1_12' title='bbox 566 971 669 1034; x_wconf 84' lang='lat' dir='ltr'>nuper</span> <span class='ocrx_word' id='word_1_13' title='bbox 704 951 935 1015; x_wconf 89' lang='lat' dir='ltr'><strong>incrementum</strong></span> <span class='ocrx_word' id='word_1_14' title='bbox 968 954 1116 1016; x_wconf 86' lang='lat' dir='ltr'><strong>vetustae</strong></span> <span class='ocrx_word' id='word_1_15' title='bbox 1147 950 1324 1034; x_wconf 69' lang='lat' dir='ltr'><strong>latinitatis,</strong></span> <span class='ocrx_word' id='word_1_16' title='bbox 1355 951 1415 1014; x_wconf 79' lang='lat' dir='ltr'><strong>lue.</strong></span> 
     </span>
     <span class='ocr_line' id='line_1_5' title="bbox 314 1057 1415 1144; baseline -0.005 -19"><span class='ocrx_word' id='word_1_17' title='bbox 314 1061 381 1125; x_wconf 90' lang='lat' dir='ltr'><strong>eius</strong></span> <span class='ocrx_word' id='word_1_18' title='bbox 411 1081 492 1144; x_wconf 90' lang='lat' dir='ltr'><strong>quae</strong></span> <span class='ocrx_word' id='word_1_19' title='bbox 521 1059 605 1122; x_wconf 88' lang='lat' dir='ltr'><strong>eirca</strong></span> <span class='ocrx_word' id='word_1_20' title='bbox 633 1061 782 1142; x_wconf 88' lang='lat' dir='ltr'><strong>tempora</strong></span> <span class='ocrx_word' id='word_1_21' title='bbox 809 1058 907 1142; x_wconf 90' lang='lat' dir='ltr'><strong>primi</strong></span> <span class='ocrx_word' id='word_1_22' title='bbox 935 1057 1012 1122; x_wconf 89' lang='lat' dir='ltr'><strong>belli</strong></span> <span class='ocrx_word' id='word_1_23' title='bbox 1036 1057 1150 1122; x_wconf 91' lang='lat' dir='ltr'><strong>Punici</strong></span> <span class='ocrx_word' id='word_1_24' title='bbox 1178 1057 1254 1141; x_wconf 87' lang='lat' dir='ltr'><strong>fuit,</strong></span> <span class='ocrx_word' id='word_1_25' title='bbox 1283 1057 1415 1122; x_wconf 87' lang='lat' dir='ltr'><strong>memoriae</strong></span> 
     </span>
     <span class='ocr_line' id='line_1_6' title="bbox 315 1161 1417 1248; baseline -0.005 -18"><span class='ocrx_word' id='word_1_26' title='bbox 315 1190 352 1230; x_wconf 85' lang='lat' dir='ltr'><strong>ex</strong></span> <span class='ocrx_word' id='word_1_27' title='bbox 377 1188 414 1230; x_wconf 91' lang='lat' dir='ltr'><strong>eo</strong></span> <span class='ocrx_word' id='word_1_28' title='bbox 438 1166 535 1230; x_wconf 92' lang='lat' dir='ltr'><strong>titulo</strong></span> <span class='ocrx_word' id='word_1_29' title='bbox 560 1165 697 1229; x_wconf 88' lang='lat' dir='ltr'><strong>accessit</strong></span> <span class='ocrx_word' id='word_1_30' title='bbox 716 1187 810 1248; x_wconf 88' lang='lat' dir='ltr'><strong>quern</strong></span> <span class='ocrx_word' id='word_1_31' title='bbox 834 1164 868 1228; x_wconf 89' lang='lat' dir='ltr'><strong>in</strong></span> <span class='ocrx_word' id='word_1_32' title='bbox 887 1164 1002 1228; x_wconf 91' lang='lat' dir='ltr'><strong>horum</strong></span> <span class='ocrx_word' id='word_1_33' title='bbox 1018 1161 1318 1248; x_wconf 81' lang='lat' dir='ltr'><strong>Supplementcrum</strong></span> <span class='ocrx_word' id='word_1_34' title='bbox 1337 1162 1417 1226; x_wconf 84' lang='lat' dir='ltr'><strong>tabula</strong></span> 
     </span>
     <span class='ocr_line' id='line_1_7' title="bbox 316 1269 1417 1354; baseline -0.005 -16"><span class='ocrx_word' id='word_1_35' title='bbox 316 1272 365 1338; x_wconf 91' lang='lat' dir='ltr'><strong>III</strong></span> <span class='ocrx_word' id='word_1_36' title='bbox 382 1271 504 1353; x_wconf 86' lang='lat' dir='ltr'>[XVII]</span> <span class='ocrx_word' id='word_1_37' title='bbox 526 1271 585 1334; x_wconf 87' lang='lat' dir='ltr'><strong>sub</strong></span> <span class='ocrx_word' id='word_1_38' title='bbox 600 1273 632 1335; x_wconf 79' lang='lat' dir='ltr'><strong><em>A</em></strong></span> <span class='ocrx_word' id='word_1_39' title='bbox 656 1271 970 1354; x_wconf 82' lang='lat' dir='ltr'><strong>repraesentavimus</strong></span> <span class='ocrx_word' id='word_1_40' title='bbox 994 1271 1034 1335; x_wconf 87' lang='lat' dir='ltr'><strong>ad</strong></span> <span class='ocrx_word' id='word_1_41' title='bbox 1054 1271 1237 1354; x_wconf 85' lang='lat' dir='ltr'><strong>exemplum</strong></span> <span class='ocrx_word' id='word_1_42' title='bbox 1256 1269 1417 1334; x_wconf 83' lang='lat' dir='ltr'><strong>aDominia</strong></span> 
     </span>
     <span class='ocr_line' id='line_1_8' title="bbox 315 1377 1419 1463; baseline -0.003 -21"><span class='ocrx_word' id='word_1_43' title='bbox 315 1378 386 1442; x_wconf 92' lang='lat' dir='ltr'><strong>Lib.</strong></span> <span class='ocrx_word' id='word_1_44' title='bbox 400 1378 475 1442; x_wconf 90' lang='lat' dir='ltr'><strong>Bar.</strong></span> <span class='ocrx_word' id='word_1_45' title='bbox 490 1377 528 1442; x_wconf 91' lang='lat' dir='ltr'><strong>de</strong></span> <span class='ocrx_word' id='word_1_46' title='bbox 544 1378 757 1443; x_wconf 82' lang='lat' dir='ltr'><strong>Guidobaldis</strong></span> <span class='ocrx_word' id='word_1_47' title='bbox 770 1377 989 1462; x_wconf 87' lang='lat' dir='ltr'><strong>Neapolitano</strong></span> <span class='ocrx_word' id='word_1_48' title='bbox 1009 1379 1081 1463; x_wconf 85' lang='lat' dir='ltr'><strong>pari</strong></span> <span class='ocrx_word' id='word_1_49' title='bbox 1101 1378 1291 1444; x_wconf 85' lang='lat' dir='ltr'><strong>liberalitati</strong></span> <span class='ocrx_word' id='word_1_50' title='bbox 1303 1378 1419 1442; x_wconf 83' lang='lat' dir='ltr'><strong>comitate</strong></span> 
     </span>
     <span class='ocr_line' id='line_1_9' title="bbox 314 1482 1420 1558; baseline -0.002 -10"><span class='ocrx_word' id='word_1_51' title='bbox 314 1484 409 1548; x_wconf 91' lang='lat' dir='ltr'><strong>nobis</strong></span> <span class='ocrx_word' id='word_1_52' title='bbox 433 1504 628 1547; x_wconf 88' lang='lat' dir='ltr'><strong>concessum.</strong></span> <span class='ocrx_word' id='word_1_53' title='bbox 675 1483 778 1558; x_wconf 87' lang='lat' dir='ltr'><strong>Quem</strong></span> <span class='ocrx_word' id='word_1_54' title='bbox 802 1483 857 1547; x_wconf 92' lang='lat' dir='ltr'><strong>ille</strong></span> <span class='ocrx_word' id='word_1_55' title='bbox 881 1483 1011 1547; x_wconf 90' lang='lat' dir='ltr'><strong>titulum</strong></span> <span class='ocrx_word' id='word_1_56' title='bbox 1035 1505 1108 1548; x_wconf 91' lang='lat' dir='ltr'><strong>cum</strong></span> <span class='ocrx_word' id='word_1_57' title='bbox 1131 1485 1164 1548; x_wconf 91' lang='lat' dir='ltr'><strong>in</strong></span> <span class='ocrx_word' id='word_1_58' title='bbox 1186 1482 1371 1549; x_wconf 76' lang='lat' dir='ltr'><strong>‘Bullettino’</strong></span> <span class='ocrx_word' id='word_1_59' title='bbox 1390 1505 1420 1546; x_wconf 86' lang='lat' dir='ltr'><strong>ar·</strong></span> 
     </span>
     <span class='ocr_line' id='line_1_10' title="bbox 316 1589 1422 1676; baseline 0.002 -21"><span class='ocrx_word' id='word_1_60' title='bbox 316 1589 523 1674; x_wconf 89' lang='lat' dir='ltr'><strong>chaeologico</strong></span> <span class='ocrx_word' id='word_1_61' title='bbox 547 1590 675 1673; x_wconf 87' lang='lat' dir='ltr'><strong>Italico,</strong></span> <span class='ocrx_word' id='word_1_62' title='bbox 706 1590 768 1656; x_wconf 86' lang='lat' dir='ltr'><strong>vol.</strong></span> <span class='ocrx_word' id='word_1_63' title='bbox 787 1590 818 1654; x_wconf 89' lang='grc' dir='ltr'><strong>ΙΙ</strong></span> <span class='ocrx_word' id='word_1_64' title='bbox 846 1613 876 1674; x_wconf 92' lang='lat' dir='ltr'><strong>p.</strong></span> <span class='ocrx_word' id='word_1_65' title='bbox 896 1591 948 1673; x_wconf 76' lang='lat'><strong>23,</strong></span> <span class='ocrx_word' id='word_1_66' title='bbox 975 1590 1099 1674; x_wconf 86' lang='lat' dir='ltr'><strong>primus</strong></span> <span class='ocrx_word' id='word_1_67' title='bbox 1127 1591 1255 1674; x_wconf 91' lang='lat' dir='ltr'><strong>publice</strong></span> <span class='ocrx_word' id='word_1_68' title='bbox 1282 1591 1422 1676; x_wconf 79' lang='lat' dir='ltr'><strong>proposuit</strong></span> 
     </span>
     <span class='ocr_line' id='line_1_11' title="bbox 316 1695 1422 1783; baseline -0.006 -20"><span class='ocrx_word' id='word_1_69' title='bbox 316 1707 385 1764; x_wconf 87' lang='lat' dir='ltr'><strong>turn</strong></span> <span class='ocrx_word' id='word_1_70' title='bbox 409 1697 444 1761; x_wconf 92' lang='lat' dir='ltr'><strong>in</strong></span> <span class='ocrx_word' id='word_1_71' title='bbox 468 1696 763 1762; x_wconf 72' lang='lat' dir='ltr'><strong>‘Monumentorum</strong></span> <span class='ocrx_word' id='word_1_72' title='bbox 787 1696 992 1762; x_wconf 85' lang='lat' dir='ltr'><strong>Calenorum’</strong></span> <span class='ocrx_word' id='word_1_73' title='bbox 1017 1697 1101 1762; x_wconf 91' lang='lat' dir='ltr'><strong>libro</strong></span> <span class='ocrx_word' id='word_1_74' title='bbox 1125 1698 1297 1783; x_wconf 84' lang='lat' dir='ltr'><strong>singulari,</strong></span> <span class='ocrx_word' id='word_1_75' title='bbox 1317 1695 1422 1762; x_wconf 87' lang='lat' dir='ltr'><strong>nondun</strong></span> 
     </span>
     <span class='ocr_line' id='line_1_12' title="bbox 316 1803 1424 1887; baseline -0.003 -18"><span class='ocrx_word' id='word_1_76' title='bbox 316 1807 404 1869; x_wconf 90' lang='lat' dir='ltr'><strong>foras</strong></span> <span class='ocrx_word' id='word_1_77' title='bbox 424 1805 510 1887; x_wconf 88' lang='lat' dir='ltr'><strong>dato,</strong></span> <span class='ocrx_word' id='word_1_78' title='bbox 534 1804 823 1882; x_wconf 34' lang='lat' dir='ltr'><strong>aerifineidendum</strong></span> <span class='ocrx_word' id='word_1_79' title='bbox 843 1805 968 1868; x_wconf 89' lang='lat' dir='ltr'><strong>curavit</strong></span> <span class='ocrx_word' id='word_1_80' title='bbox 986 1805 1019 1868; x_wconf 92' lang='lat' dir='ltr'><strong>in</strong></span> <span class='ocrx_word' id='word_1_81' title='bbox 1038 1804 1103 1869; x_wconf 85' lang='lat' dir='ltr'><strong>tab.</strong></span> <span class='ocrx_word' id='word_1_82' title='bbox 1121 1803 1171 1868; x_wconf 91' lang='lat' dir='ltr'><strong>III</strong></span> <span class='ocrx_word' id='word_1_83' title='bbox 1195 1805 1255 1869; x_wconf 89' lang='lat' dir='ltr'><strong>sub</strong></span> <span class='ocrx_word' id='word_1_84' title='bbox 1276 1806 1304 1869; x_wconf 82' lang='lat'><strong>2.</strong></span> <span class='ocrx_word' id='word_1_85' title='bbox 1333 1803 1424 1886; x_wconf 76' lang='lat' dir='ltr'><strong>Quippe</strong></span> 
     </span>
     <span class='ocr_line' id='line_1_13' title="bbox 316 1909 1425 1995; baseline -0.004 -19"><span class='ocrx_word' id='word_1_86' title='bbox 316 1911 438 1994; x_wconf 86' lang='lat' dir='ltr'><strong>prodiit</strong></span> <span class='ocrx_word' id='word_1_87' title='bbox 461 1910 522 1974; x_wconf 89' lang='lat' dir='ltr'><strong>iste</strong></span> <span class='ocrx_word' id='word_1_88' title='bbox 547 1933 585 1975; x_wconf 80' lang='lat' dir='ltr'><strong>ex</strong></span> <span class='ocrx_word' id='word_1_89' title='bbox 609 1932 687 1995; x_wconf 86' lang='lat' dir='ltr'><strong>agro</strong></span> <span class='ocrx_word' id='word_1_90' title='bbox 708 1910 864 1994; x_wconf 81' lang='lat' dir='ltr'><strong>Caleno,</strong></span> <span class='ocrx_word' id='word_1_91' title='bbox 889 1911 963 1974; x_wconf 87' lang='lat' dir='ltr'><strong>stilo</strong></span> <span class='ocrx_word' id='word_1_92' title='bbox 983 1909 1157 1995; x_wconf 89' lang='lat' dir='ltr'><strong>inscriptus</strong></span> <span class='ocrx_word' id='word_1_93' title='bbox 1175 1910 1319 1975; x_wconf 80' lang='lat' dir='ltr'><strong>cistellae</strong></span> <span class='ocrx_word' id='word_1_94' title='bbox 1336 1914 1425 1974; x_wconf 76' lang='lat' dir='ltr'><strong>menn</strong></span> 
     </span>
     <span class='ocr_line' id='line_1_14' title="bbox 317 2015 1426 2102; baseline -0.004 -21"><span class='ocrx_word' id='word_1_95' title='bbox 317 2018 412 2102; x_wconf 85' lang='lat' dir='ltr'><strong>gulae</strong></span> <span class='ocrx_word' id='word_1_96' title='bbox 436 2040 453 2082; x_wconf 89' lang='lat' dir='ltr'><strong>e</strong></span> <span class='ocrx_word' id='word_1_97' title='bbox 478 2021 565 2082; x_wconf 88' lang='lat' dir='ltr'><strong>terra</strong></span> <span class='ocrx_word' id='word_1_98' title='bbox 588 2023 679 2082; x_wconf 88' lang='lat' dir='ltr'><strong>cocta</strong></span> <span class='ocrx_word' id='word_1_99' title='bbox 702 2018 805 2100; x_wconf 86' lang='lat' dir='ltr'><strong>fictae,</strong></span> <span class='ocrx_word' id='word_1_100' title='bbox 828 2015 1004 2100; x_wconf 88' lang='lat' dir='ltr'><strong>inscriptus</strong></span> <span class='ocrx_word' id='word_1_101' title='bbox 1025 2018 1132 2079; x_wconf 89' lang='lat' dir='ltr'><strong>autem</strong></span> <span class='ocrx_word' id='word_1_102' title='bbox 1151 2021 1228 2082; x_wconf 86' lang='lat' dir='ltr'><strong>ante</strong></span> <span class='ocrx_word' id='word_1_103' title='bbox 1248 2021 1392 2082; x_wconf 85' lang='lat' dir='ltr'><strong>cocturam</strong></span> <span class='ocrx_word' id='word_1_104' title='bbox 1405 2026 1426 2078; x_wconf 83' lang='lat' dir='ltr'><strong>et</strong></span> 
     </span>
     <span class='ocr_line' id='line_1_15' title="bbox 317 2120 1426 2209; baseline -0.002 -22"><span class='ocrx_word' id='word_1_105' title='bbox 317 2125 352 2187; x_wconf 89' lang='lat' dir='ltr'><strong>in</strong></span> <span class='ocrx_word' id='word_1_106' title='bbox 380 2123 481 2186; x_wconf 90' lang='lat' dir='ltr'><strong>latere</strong></span> <span class='ocrx_word' id='word_1_107' title='bbox 514 2122 642 2206; x_wconf 91' lang='lat' dir='ltr'><strong>quidem</strong></span> <span class='ocrx_word' id='word_1_108' title='bbox 676 2123 783 2187; x_wconf 85' lang='lat' dir='ltr'><strong>antico</strong></span> <span class='ocrx_word' id='word_1_109' title='bbox 818 2129 988 2207; x_wconf 90' lang='lat' dir='ltr'><strong>aperturae</strong></span> <span class='ocrx_word' id='word_1_110' title='bbox 1021 2120 1181 2209; x_wconf 79' lang='lat' dir='ltr'><strong>apto.***)</strong></span> <span class='ocrx_word' id='word_1_111' title='bbox 1228 2122 1369 2190; x_wconf 78' lang='lat' dir='ltr'><strong>Ceterum</strong></span> <span class='ocrx_word' id='word_1_112' title='bbox 1393 2132 1426 2185; x_wconf 85' lang='lat' dir='ltr'><strong>sat</strong></span> 
     </span>
     <span class='ocr_line' id='line_1_16' title="bbox 318 2229 1050 2323; baseline 0.001 -31"><span class='ocrx_word' id='word_1_113' title='bbox 318 2229 451 2314; x_wconf 84' lang='lat' dir='ltr'><strong>planam</strong></span> <span class='ocrx_word' id='word_1_114' title='bbox 475 2229 641 2323; x_wconf 88' lang='lat' dir='ltr'><strong>intellectu</strong></span> <span class='ocrx_word' id='word_1_115' title='bbox 665 2229 911 2313; x_wconf 88' lang='lat' dir='ltr'><strong>inscriptionem</strong></span> <span class='ocrx_word' id='word_1_116' title='bbox 934 2229 1050 2293; x_wconf 86' lang='lat' dir='ltr'><strong>habes:</strong></span> 
     </span>
    </p>
   </div>
   <div class='ocr_carea' id='block_1_5' title="bbox 576 2367 1183 2544">
    <p class='ocr_par' dir='ltr' id='par_1_5' title="bbox 576 2367 1183 2544">
     <span class='ocr_line' id='line_1_17' title="bbox 577 2367 1015 2436; baseline -0.002 -1"><span class='ocrx_word' id='word_1_117' title='bbox 577 2367 1015 2436; x_wconf 59' lang='lat' dir='ltr'><strong>semotum-ct</strong></span> 
     </span>
     <span class='ocr_line' id='line_1_18' title="bbox 576 2476 1183 2544; baseline -0.003 0"><span class='ocrx_word' id='word_1_118' title='bbox 576 2476 1183 2544; x_wconf 64' lang='lat' dir='ltr'><strong>APOLONEUONOUED</strong></span> 
     </span>
    </p>
   </div>
   <div class='ocr_carea' id='block_1_6' title="bbox 279 2617 1481 3559">
    <p class='ocr_par' dir='ltr' id='par_1_6' title="bbox 279 2617 1481 3559">
     <span class='ocr_line' id='line_1_19' title="bbox 320 2617 1429 2707; baseline -0.004 -22"><span class='ocrx_word' id='word_1_119' title='bbox 320 2623 339 2685; x_wconf 95' lang='lat' dir='ltr'><strong>i.</strong></span> <span class='ocrx_word' id='word_1_120' title='bbox 360 2645 385 2686; x_wconf 88' lang='lat' dir='ltr'><strong>e.</strong></span> <span class='ocrx_word' id='word_1_121' title='bbox 409 2621 442 2686; x_wconf 79' lang='grc' dir='ltr'><strong>Ο.</strong></span> <span class='ocrx_word' id='word_1_122' title='bbox 462 2622 655 2685; x_wconf 80' lang='lat' dir='ltr'><strong>Hiouulcius</strong></span> <span class='ocrx_word' id='word_1_123' title='bbox 678 2620 709 2685; x_wconf 79' lang='lat'><strong>0.</strong></span> <span class='ocrx_word' id='word_1_124' title='bbox 735 2622 753 2686; x_wconf 89' lang='lat' dir='ltr'><strong>l.</strong></span> <span class='ocrx_word' id='word_1_125' title='bbox 772 2621 917 2702; x_wconf 82' lang='lat' dir='ltr'><strong>Apollini</strong></span> <span class='ocrx_word' id='word_1_126' title='bbox 939 2622 1053 2686; x_wconf 26' lang='lat' dir='ltr'><strong>mutere</strong></span> <span class='ocrx_word' id='word_1_127' title='bbox 1075 2617 1198 2707; x_wconf 54' lang='lat' dir='ltr'><strong>desta).</strong></span> <span class='ocrx_word' id='word_1_128' title='bbox 1239 2623 1284 2687; x_wconf 85' lang='lat' dir='ltr'><strong>Et</strong></span> <span class='ocrx_word' id='word_1_129' title='bbox 1305 2624 1366 2687; x_wconf 86' lang='lat' dir='ltr'><strong>eius</strong></span> <span class='ocrx_word' id='word_1_130' title='bbox 1385 2621 1429 2704; x_wconf 84' lang='lat' dir='ltr'><strong>qui·</strong></span> 
     </span>
     <span class='ocr_line' id='line_1_20' title="bbox 322 2725 1429 2811; baseline -0.001 -20"><span class='ocrx_word' id='word_1_131' title='bbox 322 2729 393 2791; x_wconf 92' lang='lat' dir='ltr'><strong>dem</strong></span> <span class='ocrx_word' id='word_1_132' title='bbox 419 2726 653 2808; x_wconf 67' lang='lat' dir='ltr'><strong>declinationis²</strong></span> <span class='ocrx_word' id='word_1_133' title='bbox 677 2749 758 2810; x_wconf 89' lang='lat' dir='ltr'><strong>quae</strong></span> <span class='ocrx_word' id='word_1_134' title='bbox 783 2732 832 2790; x_wconf 89' lang='lat' dir='ltr'><strong>est</strong></span> <span class='ocrx_word' id='word_1_135' title='bbox 855 2725 1049 2811; x_wconf 81' lang='lat' dir='ltr'><strong>Apol(l)onis</strong></span> <span class='ocrx_word' id='word_1_136' title='bbox 1073 2749 1148 2791; x_wconf 89' lang='lat' dir='ltr'><strong>casu</strong></span> <span class='ocrx_word' id='word_1_137' title='bbox 1173 2727 1291 2810; x_wconf 85' lang='lat' dir='ltr'><strong>altero,</strong></span> <span class='ocrx_word' id='word_1_138' title='bbox 1313 2729 1368 2793; x_wconf 87' lang='lat' dir='ltr'><strong>hoe</strong></span> <span class='ocrx_word' id='word_1_139' title='bbox 1387 2729 1429 2792; x_wconf 81' lang='lat' dir='ltr'><strong>ian</strong></span> 
     </span>
     <span class='ocr_line' id='line_1_21' title="bbox 321 2833 1429 2919; baseline -0.002 -21"><span class='ocrx_word' id='word_1_140' title='bbox 321 2835 453 2898; x_wconf 91' lang='lat' dir='ltr'><strong>tertium</strong></span> <span class='ocrx_word' id='word_1_141' title='bbox 477 2856 514 2896; x_wconf 82' lang='lat' dir='ltr'><strong>ex</strong></span> <span class='ocrx_word' id='word_1_142' title='bbox 540 2835 756 2898; x_wconf 80' lang='lat' dir='ltr'><strong>monumentis</strong></span> <span class='ocrx_word' id='word_1_143' title='bbox 781 2835 962 2918; x_wconf 84' lang='lat' dir='ltr'><strong>exemplum</strong></span> <span class='ocrx_word' id='word_1_144' title='bbox 987 2834 1102 2918; x_wconf 80' lang='lat' dir='ltr'><strong>prodit,</strong></span> <span class='ocrx_word' id='word_1_145' title='bbox 1125 2839 1255 2918; x_wconf 87' lang='lat' dir='ltr'><strong>praeter</strong></span> <span class='ocrx_word' id='word_1_146' title='bbox 1273 2857 1309 2899; x_wconf 90' lang='lat' dir='ltr'><strong>ea</strong></span> <span class='ocrx_word' id='word_1_147' title='bbox 1326 2833 1429 2919; x_wconf 82' lang='lat' dir='ltr'><strong>quaein</strong></span> 
     </span>
     <span class='ocr_line' id='line_1_22' title="bbox 321 2939 1429 3024; baseline -0.003 -20"><span class='ocrx_word' id='word_1_148' title='bbox 321 2945 491 3024; x_wconf 82' lang='lat' dir='ltr'><strong>poetarum</strong></span> <span class='ocrx_word' id='word_1_149' title='bbox 516 2939 774 3023; x_wconf 84' lang='lat' dir='ltr'><strong>scriptorumque</strong></span> <span class='ocrx_word' id='word_1_150' title='bbox 798 2940 890 3004; x_wconf 90' lang='lat' dir='ltr'><strong>libris</strong></span> <span class='ocrx_word' id='word_1_151' title='bbox 915 2944 1044 3004; x_wconf 87' lang='lat' dir='ltr'><strong>servata</strong></span> <span class='ocrx_word' id='word_1_152' title='bbox 1065 2962 1136 3004; x_wconf 85' lang='lat' dir='ltr'><strong>cunr</strong></span> <span class='ocrx_word' id='word_1_153' title='bbox 1157 2941 1237 3006; x_wconf 90' lang='lat' dir='ltr'><strong>alibi</strong></span> <span class='ocrx_word' id='word_1_154' title='bbox 1256 2943 1429 3006; x_wconf 69' lang='lat' dir='ltr'><strong>tractavimus·</strong></span> 
     </span>
     <span class='ocr_line' id='line_1_23' title="bbox 321 3043 1429 3132; baseline -0.003 -21"><span class='ocrx_word' id='word_1_155' title='bbox 321 3053 390 3111; x_wconf 90' lang='lat' dir='ltr'><strong>turn</strong></span> <span class='ocrx_word' id='word_1_156' title='bbox 414 3069 517 3128; x_wconf 88' lang='lat' dir='ltr'><strong>nuper</strong></span> <span class='ocrx_word' id='word_1_157' title='bbox 535 3046 704 3129; x_wconf 83' lang='lat' dir='ltr'><strong>tetigimus</strong></span> <span class='ocrx_word' id='word_1_158' title='bbox 725 3045 886 3128; x_wconf 84' lang='lat' dir='ltr'><strong>Supplem.</strong></span> <span class='ocrx_word' id='word_1_159' title='bbox 906 3045 938 3110; x_wconf 93' lang='lat' dir='ltr'><strong>ll</strong></span> <span class='ocrx_word' id='word_1_160' title='bbox 962 3069 992 3130; x_wconf 92' lang='lat' dir='ltr'><strong>p.</strong></span> <span class='ocrx_word' id='word_1_161' title='bbox 1006 3045 1051 3110; x_wconf 88' lang='lat' dir='ltr'><strong>lX</strong></span> <span class='ocrx_word' id='word_1_162' title='bbox 1072 3049 1185 3132; x_wconf 90' lang='lat' dir='ltr'><strong>[supra</strong></span> <span class='ocrx_word' id='word_1_163' title='bbox 1202 3070 1233 3131; x_wconf 93' lang='lat' dir='ltr'><strong>p.</strong></span> <span class='ocrx_word' id='word_1_164' title='bbox 1246 3047 1329 3128; x_wconf 62' lang='lat'><strong>516}</strong></span> <span class='ocrx_word' id='word_1_165' title='bbox 1347 3083 1380 3094; x_wconf 89' lang='lat'>-</span> <span class='ocrx_word' id='word_1_166' title='bbox 1398 3043 1429 3108; x_wconf 76' lang='lat' dir='ltr'><strong>ld</strong></span> 
     </span>
     <span class='ocr_line' id='line_1_24' title="bbox 322 3151 1430 3236; baseline -0.003 -20"><span class='ocrx_word' id='word_1_167' title='bbox 322 3154 541 3216; x_wconf 84' lang='lat' dir='ltr'><strong>litteraturam</strong></span> <span class='ocrx_word' id='word_1_168' title='bbox 575 3157 682 3216; x_wconf 90' lang='lat' dir='ltr'><strong>autem</strong></span> <span class='ocrx_word' id='word_1_169' title='bbox 717 3151 801 3235; x_wconf 89' lang='lat' dir='ltr'><strong>quod</strong></span> <span class='ocrx_word' id='word_1_170' title='bbox 835 3152 965 3236; x_wconf 86' lang='lat' dir='ltr'><strong>attinet,</strong></span> <span class='ocrx_word' id='word_1_171' title='bbox 996 3153 1116 3218; x_wconf 89' lang='lat' dir='ltr'><strong>nimius</strong></span> <span class='ocrx_word' id='word_1_172' title='bbox 1143 3153 1207 3217; x_wconf 90' lang='lat' dir='ltr'><strong>fuit</strong></span> <span class='ocrx_word' id='word_1_173' title='bbox 1234 3152 1430 3219; x_wconf 80' lang='lat' dir='ltr'><strong>Guidobaldiru</strong></span> 
     </span>
     <span class='ocr_line' id='line_1_25' title="bbox 279 3257 1430 3346; baseline -0.003 -24"><span class='ocrx_word' id='word_1_174' title='bbox 279 3282 444 3330; x_wconf 84' lang='lat' dir='ltr'><strong>1vnovam</strong></span> <span class='ocrx_word' id='word_1_175' title='bbox 473 3260 734 3343; x_wconf 88' lang='lat' dir='ltr'><strong>singularemque</strong></span> <span class='ocrx_word' id='word_1_176' title='bbox 758 3257 785 3320; x_wconf 84' lang='lat' dir='ltr'><strong>E</strong></span> <span class='ocrx_word' id='word_1_177' title='bbox 814 3259 943 3323; x_wconf 89' lang='lat' dir='ltr'><strong>litterae</strong></span> <span class='ocrx_word' id='word_1_178' title='bbox 971 3259 1113 3343; x_wconf 77' lang='lat' dir='ltr'><strong>figuram‘</strong></span> <span class='ocrx_word' id='word_1_179' title='bbox 1137 3282 1272 3346; x_wconf 89' lang='lat' dir='ltr'><strong>eamque</strong></span> <span class='ocrx_word' id='word_1_180' title='bbox 1299 3268 1430 3343; x_wconf 86' lang='lat' dir='ltr'><strong>tanquan</strong></span> 
     </span>
     <span class='ocr_line' id='line_1_26' title="bbox 325 3365 1428 3448; baseline -0.004 -18"><span class='ocrx_word' id='word_1_181' title='bbox 325 3389 382 3430; x_wconf 88' lang='lat' dir='ltr'><strong>suo</strong></span> <span class='ocrx_word' id='word_1_182' title='bbox 406 3366 561 3448; x_wconf 85' lang='lat' dir='ltr'><strong>peculiari</strong></span> <span class='ocrx_word' id='word_1_183' title='bbox 585 3366 654 3429; x_wconf 90' lang='lat' dir='ltr'><strong>iure</strong></span> <span class='ocrx_word' id='word_1_184' title='bbox 677 3366 838 3430; x_wconf 84' lang='lat' dir='ltr'><strong>fruentem</strong></span> <span class='ocrx_word' id='word_1_185' title='bbox 861 3366 944 3430; x_wconf 90' lang='lat' dir='ltr'><strong>hanc</strong></span> <span class='ocrx_word' id='word_1_186' title='bbox 968 3365 1168 3432; x_wconf 88' lang='lat' dir='ltr'><strong>constituens</strong></span> <span class='ocrx_word' id='word_1_187' title='bbox 1194 3367 1237 3438; x_wconf 87' lang='grc' dir='ltr'><strong>ΙΞ.</strong></span> <span class='ocrx_word' id='word_1_188' title='bbox 1281 3368 1347 3432; x_wconf 86' lang='lat' dir='ltr'><strong>Nee&#39;</strong></span> <span class='ocrx_word' id='word_1_189' title='bbox 1368 3365 1428 3430; x_wconf 85' lang='lat' dir='ltr'><strong>enin</strong></span> 
     </span>
     <span class='ocr_line' id='line_1_27' title="bbox 325 3454 1481 3559; baseline 0.002 -23"><span class='ocrx_word' id='word_1_190' title='bbox 325 3473 392 3536; x_wconf 88' lang='lat' dir='ltr'><strong>eius</strong></span> <span class='ocrx_word' id='word_1_191' title='bbox 422 3474 544 3556; x_wconf 87' lang='lat' dir='ltr'><strong>figurae</strong></span> <span class='ocrx_word' id='word_1_192' title='bbox 574 3473 749 3538; x_wconf 81' lang='lat' dir='ltr'><strong>insolentia</strong></span> <span class='ocrx_word' id='word_1_193' title='bbox 777 3475 841 3537; x_wconf 91' lang='lat' dir='ltr'><strong>alia</strong></span> <span class='ocrx_word' id='word_1_194' title='bbox 869 3473 993 3538; x_wconf 89' lang='lat' dir='ltr'><strong>ratione</strong></span> <span class='ocrx_word' id='word_1_195' title='bbox 1022 3474 1180 3539; x_wconf 90' lang='lat' dir='ltr'><strong>censenda</strong></span> <span class='ocrx_word' id='word_1_196' title='bbox 1208 3479 1258 3540; x_wconf 89' lang='lat' dir='ltr'><strong>est</strong></span> <span class='ocrx_word' id='word_1_197' title='bbox 1280 3479 1364 3559; x_wconf 84' lang='lat' dir='ltr'><strong>alque</strong></span> <span class='ocrx_word' id='word_1_198' title='bbox 1386 3493 1428 3556; x_wconf 66' lang='lat' dir='ltr'><strong>qua</strong></span> <span class='ocrx_word' id='word_1_199' title='bbox 1477 3454 1481 3531; x_wconf 70' lang='lat' dir='ltr'><strong>i</strong></span> 
     </span>
    </p>
   </div>
   <div class='ocr_carea' id='block_1_7' title="bbox 316 3683 1427 4557">
    <p class='ocr_par' dir='ltr' id='par_1_7' title="bbox 325 3683 1427 3842">
     <span class='ocr_line' id='line_1_28' title="bbox 415 3683 1427 3756; baseline -0.002 -19"><span class='ocrx_word' id='word_1_200' title='bbox 415 3690 440 3754; x_wconf 86' lang='lat'><strong>*)</strong></span> <span class='ocrx_word' id='word_1_201' title='bbox 463 3683 651 3756; x_wconf 87' lang='lat' dir='ltr'><strong>[Prooemium</strong></span> <span class='ocrx_word' id='word_1_202' title='bbox 671 3683 772 3738; x_wconf 90' lang='lat' dir='ltr'><strong>Indicis</strong></span> <span class='ocrx_word' id='word_1_203' title='bbox 796 3685 954 3752; x_wconf 74' lang='lat' dir='ltr'><strong>scholarum</strong></span> <span class='ocrx_word' id='word_1_204' title='bbox 977 3684 1155 3739; x_wconf 87' lang='lat' dir='ltr'><strong>hibernarum</strong></span> <span class='ocrx_word' id='word_1_205' title='bbox 1177 3683 1350 3741; x_wconf 84' lang='lat' dir='ltr'><strong>Bonnensium</strong></span> <span class='ocrx_word' id='word_1_206' title='bbox 1366 3697 1427 3735; x_wconf 74' lang='lat' dir='ltr'><strong>arno</strong></span> 
     </span>
     <span class='ocr_line' id='line_1_29' title="bbox 325 3773 828 3842; baseline -0.01 -12"><span class='ocrx_word' id='word_1_207' title='bbox 325 3795 386 3830; x_wconf 85' lang='lat' dir='ltr'><strong>rum</strong></span> <span class='ocrx_word' id='word_1_208' title='bbox 406 3773 655 3828; x_wconf 73' lang='lat' dir='ltr'><strong>elolocccnxln</strong></span> <span class='ocrx_word' id='word_1_209' title='bbox 674 3777 703 3828; x_wconf 89' lang='lat' dir='ltr'><strong>et</strong></span> <span class='ocrx_word' id='word_1_210' title='bbox 720 3773 828 3842; x_wconf 61' lang='lat' dir='ltr'>LXIV]</span> 
     </span>
    </p>

    <p class='ocr_par' dir='ltr' id='par_1_8' title="bbox 316 3854 1426 4557">
     <span class='ocr_line' id='line_1_30' title="bbox 397 3854 1426 3934; baseline -0.007 -17"><span class='ocrx_word' id='word_1_211' title='bbox 397 3869 439 3933; x_wconf 82' lang='lat'><strong>**)</strong></span> <span class='ocrx_word' id='word_1_212' title='bbox 460 3863 583 3934; x_wconf 83' lang='lat' dir='ltr'><strong>[Tabula</strong></span> <span class='ocrx_word' id='word_1_213' title='bbox 611 3863 678 3917; x_wconf 89' lang='lat' dir='ltr'><strong>olim</strong></span> <span class='ocrx_word' id='word_1_214' title='bbox 701 3862 766 3917; x_wconf 89' lang='lat' dir='ltr'><strong>huic</strong></span> <span class='ocrx_word' id='word_1_215' title='bbox 790 3861 1020 3918; x_wconf 88' lang='lat' dir='ltr'><strong>commentationi</strong></span> <span class='ocrx_word' id='word_1_216' title='bbox 1045 3861 1153 3917; x_wconf 85' lang='lat' dir='ltr'><strong>adnexa</strong></span> <span class='ocrx_word' id='word_1_217' title='bbox 1176 3880 1248 3918; x_wconf 89' lang='lat' dir='ltr'><strong>nunc</strong></span> <span class='ocrx_word' id='word_1_218' title='bbox 1270 3861 1316 3916; x_wconf 85' lang='lat' dir='ltr'><strong>sub</strong></span> <span class='ocrx_word' id='word_1_219' title='bbox 1334 3878 1353 3913; x_wconf 84' lang='lat' dir='ltr'><strong>a</strong></span> <span class='ocrx_word' id='word_1_220' title='bbox 1370 3854 1426 3910; x_wconf 76' lang='lat' dir='ltr'><strong>Xl&#39;ll</strong></span> 
     </span>
     <span class='ocr_line' id='line_1_31' title="bbox 326 3952 633 4023; baseline -0.01 -14"><span class='ocrx_word' id='word_1_221' title='bbox 326 3955 427 4010; x_wconf 85' lang='lat' dir='ltr'><strong>iterata</strong></span> <span class='ocrx_word' id='word_1_222' title='bbox 446 3956 496 4009; x_wconf 90' lang='lat' dir='ltr'><strong>est.</strong></span> <span class='ocrx_word' id='word_1_223' title='bbox 534 3952 561 4008; x_wconf 89' lang='lat' dir='ltr'><strong>C.</strong></span> <span class='ocrx_word' id='word_1_224' title='bbox 576 3953 633 4023; x_wconf 88' lang='lat' dir='ltr'><strong>W.]</strong></span> 
     </span>
     <span class='ocr_line' id='line_1_32' title="bbox 316 4033 1425 4112; baseline -0.005 -15"><span class='ocrx_word' id='word_1_225' title='bbox 316 4039 320 4050; x_wconf 63' lang='lat'><strong><em>⁴</em></strong></span> <span class='ocrx_word' id='word_1_226' title='bbox 380 4045 438 4112; x_wconf 82' lang='lat'>***)</span> <span class='ocrx_word' id='word_1_227' title='bbox 458 4043 556 4098; x_wconf 84' lang='lat' dir='ltr'><strong>Totius</strong></span> <span class='ocrx_word' id='word_1_228' title='bbox 575 4042 699 4096; x_wconf 88' lang='lat' dir='ltr'><strong>cistellae</strong></span> <span class='ocrx_word' id='word_1_229' title='bbox 718 4041 848 4110; x_wconf 84' lang='lat' dir='ltr'><strong>figuram,</strong></span> <span class='ocrx_word' id='word_1_230' title='bbox 875 4057 930 4094; x_wconf 90' lang='lat' dir='ltr'><strong>una</strong></span> <span class='ocrx_word' id='word_1_231' title='bbox 953 4058 1016 4094; x_wconf 90' lang='lat' dir='ltr'><strong>cum</strong></span> <span class='ocrx_word' id='word_1_232' title='bbox 1034 4058 1118 4095; x_wconf 91' lang='lat' dir='ltr'><strong>manu</strong></span> <span class='ocrx_word' id='word_1_233' title='bbox 1136 4042 1257 4095; x_wconf 84' lang='lat' dir='ltr'><strong>humans</strong></span> <span class='ocrx_word' id='word_1_234' title='bbox 1274 4037 1339 4093; x_wconf 77' lang='lat' dir='ltr'><strong>cinus</strong></span> <span class='ocrx_word' id='word_1_235' title='bbox 1352 4033 1425 4104; x_wconf 75' lang='lat' dir='ltr'><strong>palm-³</strong></span> 
     </span>
     <span class='ocr_line' id='line_1_33' title="bbox 327 4119 1423 4201; baseline -0.016 -17"><span class='ocrx_word' id='word_1_236' title='bbox 327 4135 454 4201; x_wconf 86' lang='lat' dir='ltr'><strong>porrecta</strong></span> <span class='ocrx_word' id='word_1_237' title='bbox 473 4132 523 4185; x_wconf 85' lang='lat' dir='ltr'><strong>illa</strong></span> <span class='ocrx_word' id='word_1_238' title='bbox 542 4133 661 4198; x_wconf 89' lang='lat' dir='ltr'><strong>tenetur,</strong></span> <span class='ocrx_word' id='word_1_239' title='bbox 680 4130 823 4200; x_wconf 84' lang='lat' dir='ltr'><strong>eleganter</strong></span> <span class='ocrx_word' id='word_1_240' title='bbox 839 4128 977 4183; x_wconf 88' lang='lat' dir='ltr'><strong>coloribus</strong></span> <span class='ocrx_word' id='word_1_241' title='bbox 996 4127 1101 4198; x_wconf 88' lang='lat' dir='ltr'><strong>pictam</strong></span> <span class='ocrx_word' id='word_1_242' title='bbox 1119 4129 1199 4184; x_wconf 81' lang='lat' dir='ltr'><strong>vides</strong></span> <span class='ocrx_word' id='word_1_243' title='bbox 1217 4127 1244 4184; x_wconf 90' lang='lat' dir='ltr'><strong>in</strong></span> <span class='ocrx_word' id='word_1_244' title='bbox 1262 4125 1364 4182; x_wconf 80' lang='lat' dir='ltr'><strong>eiusdem</strong></span> <span class='ocrx_word' id='word_1_245' title='bbox 1377 4119 1423 4170; x_wconf 69' lang='lat' dir='ltr'><strong>Gur-</strong></span> 
     </span>
     <span class='ocr_line' id='line_1_34' title="bbox 326 4209 1423 4288; baseline -0.009 -12"><span class='ocrx_word' id='word_1_246' title='bbox 326 4221 451 4276; x_wconf 88' lang='lat' dir='ltr'><strong>dobaldii</strong></span> <span class='ocrx_word' id='word_1_247' title='bbox 470 4220 528 4274; x_wconf 88' lang='lat' dir='ltr'><strong>tab.</strong></span> <span class='ocrx_word' id='word_1_248' title='bbox 548 4221 625 4272; x_wconf 84' lang='lat' dir='ltr'><strong>IllA</strong></span> <span class='ocrx_word' id='word_1_249' title='bbox 646 4221 691 4288; x_wconf 89' lang='lat' dir='ltr'><strong>fig.</strong></span> <span class='ocrx_word' id='word_1_250' title='bbox 706 4226 721 4270; x_wconf 80' lang='lat'><strong>2</strong></span> <span class='ocrx_word' id='word_1_251' title='bbox 737 4238 766 4272; x_wconf 81' lang='lat' dir='ltr'><strong>a:</strong></span> <span class='ocrx_word' id='word_1_252' title='bbox 787 4234 857 4285; x_wconf 88' lang='lat' dir='ltr'><strong>quae</strong></span> <span class='ocrx_word' id='word_1_253' title='bbox 876 4216 945 4270; x_wconf 90' lang='lat' dir='ltr'><strong>mihi</strong></span> <span class='ocrx_word' id='word_1_254' title='bbox 964 4217 1145 4270; x_wconf 78' lang='lat' dir='ltr'><strong>tabularium</strong></span> <span class='ocrx_word' id='word_1_255' title='bbox 1164 4217 1232 4270; x_wconf 87' lang='lat' dir='ltr'><strong>haec</strong></span> <span class='ocrx_word' id='word_1_256' title='bbox 1250 4209 1423 4270; x_wconf 70' lang='lat' dir='ltr'><strong>scfibodemsn</strong></span> 
     </span>
     <span class='ocr_line' id='line_1_35' title="bbox 328 4293 1418 4379; baseline -0.006 -17"><span class='ocrx_word' id='word_1_257' title='bbox 328 4311 500 4379; x_wconf 82' lang='lat' dir='ltr'><strong>perofficiose</strong></span> <span class='ocrx_word' id='word_1_258' title='bbox 519 4308 727 4363; x_wconf 87' lang='lat' dir='ltr'><strong>transmittitur.</strong></span> <span class='ocrx_word' id='word_1_259' title='bbox 766 4308 824 4360; x_wconf 87' lang='lat' dir='ltr'><strong>Nee</strong></span> <span class='ocrx_word' id='word_1_260' title='bbox 842 4305 1017 4360; x_wconf 89' lang='lat' dir='ltr'><strong>incommode</strong></span> <span class='ocrx_word' id='word_1_261' title='bbox 1036 4307 1070 4360; x_wconf 89' lang='lat' dir='ltr'><strong>de</strong></span> <span class='ocrx_word' id='word_1_262' title='bbox 1089 4322 1208 4361; x_wconf 87' lang='lat' dir='ltr'><strong>acerra</strong></span> <span class='ocrx_word' id='word_1_263' title='bbox 1224 4303 1332 4374; x_wconf 82' lang='lat' dir='ltr'><strong>cogitare</strong></span> <span class='ocrx_word' id='word_1_264' title='bbox 1346 4293 1418 4348; x_wconf 71' lang='lat' dir='ltr'><strong>Gffl&#39;l‘</strong></span> 
     </span>
     <span class='ocr_line' id='line_1_36' title="bbox 329 4386 1421 4467; baseline -0.007 -17"><span class='ocrx_word' id='word_1_265' title='bbox 329 4398 453 4451; x_wconf 84' lang='lat' dir='ltr'><strong>buldium</strong></span> <span class='ocrx_word' id='word_1_266' title='bbox 482 4401 568 4467; x_wconf 87' lang='lat' dir='ltr'><strong>patet.</strong></span> <span class='ocrx_word' id='word_1_267' title='bbox 607 4398 735 4452; x_wconf 87' lang='lat' dir='ltr'><strong>Ceterum</strong></span> <span class='ocrx_word' id='word_1_268' title='bbox 765 4395 869 4451; x_wconf 85' lang='lat' dir='ltr'><strong>servari</strong></span> <span class='ocrx_word' id='word_1_269' title='bbox 893 4396 947 4449; x_wconf 89' lang='lat' dir='ltr'><strong>hoc</strong></span> <span class='ocrx_word' id='word_1_270' title='bbox 971 4397 1180 4450; x_wconf 83' lang='lat' dir='ltr'><strong>monumentum</strong></span> <span class='ocrx_word' id='word_1_271' title='bbox 1204 4393 1281 4450; x_wconf 89' lang='lat' dir='ltr'><strong>hodie</strong></span> <span class='ocrx_word' id='word_1_272' title='bbox 1300 4389 1323 4445; x_wconf 87' lang='lat' dir='ltr'><strong>in</strong></span> <span class='ocrx_word' id='word_1_273' title='bbox 1343 4386 1421 4436; x_wconf 59' lang='lat' dir='ltr'><strong>‘mm</strong></span> 
     </span>
     <span class='ocr_line' id='line_1_37' title="bbox 329 4485 919 4557; baseline -0.008 -14"><span class='ocrx_word' id='word_1_274' title='bbox 329 4485 476 4543; x_wconf 86' lang='lat' dir='ltr'><strong>nationali&#39;</strong></span> <span class='ocrx_word' id='word_1_275' title='bbox 498 4488 686 4557; x_wconf 87' lang='lat' dir='ltr'><strong>Neapolitano</strong></span> <span class='ocrx_word' id='word_1_276' title='bbox 706 4486 849 4541; x_wconf 89' lang='lat' dir='ltr'><strong>sciendum</strong></span> <span class='ocrx_word' id='word_1_277' title='bbox 868 4487 919 4539; x_wconf 87' lang='lat' dir='ltr'><strong>est.</strong></span> 
     </span>
    </p>
   </div>
   <div class='ocr_carea' id='block_1_8' title="bbox 0 0 1502 5120">
    <p class='ocr_par' dir='ltr' id='par_1_9' title="bbox 0 0 1502 5120">
     <span class='ocr_line' id='line_1_38' title="bbox 0 0 1502 5120; baseline 0 0"><span class='ocrx_word' id='word_1_278' title='bbox 0 0 1502 5120; x_wconf 95' lang='lat' dir='ltr'><strong> </strong></span> 
     </span>
    </p>
   </div>
  </div>
 </body>
</html>
