2984 5122
299 409 589 458 ossanverronas
613 408 882 457 aeruneenrcra.
1095 391 1160 455 443
1245 439 1250 452 .

48 551 122 616 cll·
133 553 182 618 Pll
197 553 208 637 l
223 549 426 618 INCIPIVM
438 587 444 600 ·
455 551 667 618 FVIT·PRO
679 550 872 628 dalevo
883 586 890 601 ·
901 547 1161 634 FABIVS-or,
1246 597 1251 608 .

47 659 87 723 his
106 660 134 723 in
155 661 252 744 primo
277 682 372 724 versu
395 659 474 724 haec
502 659 695 744 respondere
722 659 926 724 tribunorum
950 657 1081 724 uomina
1104 681 1160 742 po·

46 771 130 829 tuere:
157 763 1160 848 O·ANTONIVS·M·F·CN·CORNElLIVS·CN·F·L·

45 870 318 937 Hosrlnlvsn·
340 871 351 956 l
374 871 1162 958 r-c·POP1LIVS·0·F·M·VALqERIVS·

45 977 547 1057 M·r·Q·OAE01LIvS·Q·F:
585 980 801 1063 adscriptores
830 980 913 1065 legis
941 986 979 1045 ut
1006 978 1041 1044 C.
1059 979 1161 1044 Anto·

43 1084 101 1148 nius
120 1107 180 1150 nou
200 1089 275 1152 octo
299 1087 391 1151 utin
415 1087 580 1170 superiore
601 1088 756 1171 exemplo,
780 1087 836 1152 sed
859 1109 912 1152 sex
936 1091 1064 1152 tautum
1088 1109 1162 1152 con·

43 1191 114 1275 legas
136 1191 312 1258 adsciverit.
347 1191 465 1258 Vtrum
488 1196 633 1277 praestet
656 1194 683 1258 si
707 1186 897 1278 quaesieris,
919 1193 1006 1260 haud
1030 1195 1097 1259 seio
1121 1215 1161 1258 an

42 1321 92 1363 nou
113 1301 275 1366 satistuto
295 1323 333 1366 ex
353 1322 390 1366 eo
410 1304 695 1385 argumentatores
714 1301 772 1384 sis,
796 1301 882 1386 quod
899 1305 994 1366 notas
1012 1323 1052 1365 nc
1071 1323 1162 1384 prae·

42 1405 135 1470 cedens
161 1407 287 1492 quidem
318 1409 459 1473 formula
486 1407 521 1472 in
550 1430 623 1472 aere
650 1408 819 1491 receperit,
852 1409 886 1472 id
913 1407 998 1492 quod
1028 1409 1162 1492 eplene

40 1515 195 1598 perscripta
217 1513 395 1580 PLEBEM
418 1536 496 1580 roce
519 1515 733 1600 cognoscitur.
770 1514 856 1580 Nam
881 1515 983 1580 altera
1009 1537 1046 1579 ex
1069 1520 1162 1600 purte

39 1641 90 1684 uon
112 1621 186 1686 levis
209 1615 453 1706 probabilitatis
481 1621 606 1704 species
634 1621 713 1685 haec
741 1620 775 1685 iu
803 1625 957 1704 promptu
980 1625 1043 1707 est,
1076 1623 1160 1706 quod

39 1727 119 1791 eliam
141 1729 279 1813 aegrius,
308 1728 423 1812 quibus
450 1727 548 1793 rebus
572 1731 727 1812 quattuor
750 1727 895 1812 tabulae,
925 1749 1020 1812 quam
1045 1729 1161 1812 quibus

39 1839 90 1897 tres
117 1835 265 1920 compleri
299 1835 477 1920 potuerint,
510 1834 724 1920 intellegitur,
755 1840 927 1920 postquam
960 1835 1161 1922 gravissimis

39 1938 176 2006 benefieiis
199 1947 231 2007 et
253 1943 516 2008 immunitatibus
531 1942 744 2008 Thermenses
763 1943 828 2008 iam
846 1943 960 2008 tabula
979 1943 1085 2026 prima
1103 1944 1160 2008 im·

37 2047 154 2127 pertirit
200 2047 308 2134 Atque
331 2049 363 2114 id
387 2049 494 2134 ipsunt
518 2049 697 2115 Dirksenus
725 2049 804 2114 adeo
833 2071 866 2114 se
896 2049 1087 2135 intellegere
1110 2073 1163 2114 ne-

37 2153 111 2235 garit
131 2155 149 2219 l.
171 2179 194 2220 s.
217 2179 242 2220 s.
269 2179 301 2240 p.
323 2156 400 2240 142,
433 2159 469 2220 ut
495 2177 658 2240 perpauca
684 2161 759 2242 post
790 2178 859 2221 eam
882 2157 1029 2221 tabulam
1052 2157 1162 2222 deesse
1171 2181 1215 2221 xv

36 2262 176 2340 possead
204 2261 421 2326 Thermenses
450 2263 630 2346 spectantia
658 2263 886 2346 ratiocinatus,
918 2269 1042 2328 ceteras
1070 2269 1162 2348 quot·

37 2371 101 2448 quot
118 2367 250 2434 fuissent
268 2369 400 2434 tabulas
421 2369 460 2434 ad
479 2369 562 2434 alias
580 2371 744 2456 quaslibet
762 2370 881 2446 liberas
901 2371 1049 2436 civitates
1064 2369 1162 2436 Asiae

35 2473 206 2553 pertinuisse
234 2476 299 2542 sibi
327 2475 535 2561 persuaderet
567 2478 678 2541 eadem
707 2498 779 2541 cum
808 2475 1061 2542 Thermensibus
1091 2478 1162 2564 lege

36 2581 270 2664 comprehensas.
330 2584 404 2650 Non
437 2583 636 2649 infructuose
668 2584 809 2650 fortusse
846 2583 926 2649 illud
963 2583 1001 2648 de
1033 2585 1162 2670 integro

37 2695 193 2774 quaeretur,
216 2713 294 2756 uum
320 2713 401 2776 quae
425 2691 639 2775 probabiliter
662 2690 810 2776 indagari
829 2690 1004 2756 divinando
1024 2693 1161 2777 possint,

36 2813 101 2876 quae
122 2799 307 2863 constitutis
333 2797 368 2862 in
396 2798 501 2882 prima
524 2797 639 2862 tabula
666 2799 790 2862 iuribus
815 2797 982 2863 commode
1004 2821 1088 2865 nova
1111 2823 1161 2865 ao-

37 2905 184 2969 eesserint:
208 2905 264 2970 sed
288 2905 417 2970 etiarnsi
440 2906 538 2968 talem
560 2927 691 2988 operam
710 2904 869 2996 destituat
887 2909 1030 2984 eventus,
1053 2912 1161 2974 muron

36 3004 167 3075 llirkscui
189 3012 319 3096 quidem
343 3011 527 3076 coniectura
556 3011 607 3076 vel
630 3011 692 3077 boc
716 3033 779 3076 uno
803 3015 993 3096 argumento
1017 3013 1080 3078 uisi
1102 3015 1161 3079 lal-

37 3110 116 3178 limur
133 3117 209 3182 satis
227 3117 443 3203 redarguitur,
467 3117 553 3204 quod
572 3118 610 3184 de
629 3117 850 3202 compluribus
870 3118 1058 3184 civitatibus
1075 3121 1161 3186 latae

37 3216 88 3302 legi
117 3223 166 3288 vix
197 3225 305 3310 potuit
333 3225 374 3290 ab
403 3247 466 3290 una
494 3225 740 3292 Thermensium
773 3225 905 3290 civitate
935 3247 1053 3292 nomen
1080 3229 1162 3294 fieri:

38 3325 98 3406 quid
124 3330 205 3394 enim
229 3331 280 3396 vel
304 3353 437 3396 caussae
465 3331 514 3396 vel
543 3331 678 3396 rationis
707 3331 805 3396 fuisse
834 3329 979 3397 dicamus
1002 3355 1058 3398 cur
1081 3338 1162 3399 tam·

38 3452 118 3512 quem
140 3437 324 3522 appendicis
347 3437 417 3503 loeo
441 3442 569 3504 tantum
594 3442 718 3503 ceterae
748 3438 799 3502 vel
823 3438 1011 3506 accederent
1033 3442 1083 3505 vel
1107 3442 1161 3506 ha·

38 3534 188 3608 berentur?
235 3545 338 3629 Atqui
368 3543 950 3612 l·DE·TERMESl·PISID·MAI
984 3548 1162 3632 praescrip·

38 3643 93 3708 lum
114 3652 159 3713 est
180 3651 213 3714 in
236 3632 367 3716 indice
390 3651 522 3716 tabulae
546 3653 669 3735 primae
694 3649 850 3738 (minime,
879 3652 964 3737 quod
988 3654 1051 3719 sibi
1074 3654 1162 3720 visus

38 3753 76 3812 est
96 3751 309 3842 Goettlingius
333 3757 453 3844 legere,
477 3755 497 3823 le
521 3757 611 3842 Dm:
642 3759 724 3824 unde
749 3781 946 3845 consequeus
975 3781 1046 3824 esse
1069 3759 1162 3825 utin

38 3853 124 3924 altera
144 3864 300 3948 scripturn
323 3865 423 3930 fuerit
445 3863 921 3931 incarnacionem
945 3870 977 3929 et
1001 3866 1047 3930 sic
1065 3887 1162 3949 porro

39 3958 64 4024 in
91 3966 228 4053 reliquis,
266 3972 363 4038 solita
396 3971 644 4056 argumentandi
677 3972 838 4036 evidentia
870 3972 993 4056 pridem
1026 3971 1161 4036 Momm-

40 4088 118 4135 senus
143 4075 374 4143 demonstravit
402 4076 490 4142 Diar.
514 4079 613 4162 antiq.
637 4078 657 4142 l.
681 4102 705 4142 s.
729 4101 753 4144 s.
777 4100 807 4161 p.
829 4079 899 4144 108.
946 4078 1016 4155 Quo
1041 4079 1163 4145 corruit

40 4197 102 4241 sane
123 4182 215 4248 etiam
239 4183 382 4252 Puohtae
406 4185 582 4269 sententia,
611 4187 837 4268 praemissum,
852 4185 916 4270 legi
941 4183 1092 4250 Sullanae
1115 4186 1162 4250 in-

40 4277 124 4350 dicem
142 4287 452 4368 vm-nm-xxo
476 4313 540 4357 non
565 4298 706 4357 octarium
729 4293 811 4376 legis
834 4294 870 4358 (lc
890 4293 1005 4375 aegisti
1026 4297 1157 4373 quaero-

42 4388 110 4456 rtlnu
125 4395 264 4461 tabulam
282 4399 528 4482 interpretantis
548 4399 739 4482 simpliciter
752 4399 998 4463 Institutionum
1013 4397 1029 4461 l
1044 4420 1073 4481 p.
1088 4399 1163 4482 320,

42 4493 85 4557 led
105 4505 223 4581 praeter
245 4504 405 4570 rationem
429 4511 527 4588 caput
549 4509 698 4572 octavum
722 4506 805 4592 legis
833 4505 871 4570 de
896 4505 1010 4570 scribis
1034 4504 1160 4570 viatori·
