3020 5118
333 369 392 431 188
475 384 622 429 rrrvrn's
648 383 837 430 conrnune:
863 381 1068 429 nosrnnrsn
1093 377 1318 425 nraurninnn

328 527 532 611 gravioribus
557 526 706 589 omnibus
730 529 798 588 tum
823 526 999 589 levioribus
1023 523 1182 607 plerisque
1206 520 1283 584 adeo
1306 519 1439 602 cumlip·

328 633 427 696 sianis
447 633 678 717 Pighianisque
703 637 896 717 congruunt,
920 630 1007 695 casui
1032 635 1067 694 ut
1090 652 1128 692 ea
1148 629 1180 691 in
1200 649 1234 690 re
1253 626 1353 689 nullus
1368 625 1441 690 loeus

328 741 377 803 sit.
416 739 507 814 Quod
536 743 643 803 autern
673 741 757 803 inter
786 743 937 822 utrosque
960 737 1194 820 discrepantiae
1224 733 1391 815 intercedit,
1415 735 1441 796 id

328 847 390 910 etsi
412 847 578 911 fatendum
602 849 652 909 est
675 868 765 930 sane,
798 847 850 910 ubi
880 868 936 928 per
965 869 998 909 se
1024 849 1198 929 spectetur,
1230 843 1278 905 ita
1304 863 1441 924 conpara·

328 958 395 1018 tum
420 977 503 1036 esse,
526 958 562 1017 dt
586 976 657 1017 curn
683 954 803 1018 rnaiore
826 953 1069 1036 probabilitatis
1094 951 1200 1035 specie
1220 948 1371 1033 quaedam
1390 969 1443 1010 esse

326 1061 487 1124 inutiliter
511 1061 620 1124 addita
643 1084 662 1124 a
682 1057 854 1124 Ciacconio
878 1061 1038 1144 quispiam
1068 1059 1130 1123 sibi
1159 1056 1349 1141 persuadeat
1369 1077 1442 1138 quan
1486 1082 1493 1142 ,r

327 1167 368 1231 ab
392 1167 458 1230 illis
482 1171 618 1230 resecta:
651 1173 759 1232 tamen
789 1167 871 1232 unde
902 1167 1031 1231 tandem
1059 1167 1175 1230 horum
1202 1164 1346 1247 ipsorum
1371 1185 1444 1226 curas
1486 1184 1492 1257 ξ

328 1274 459 1338 omnino
487 1274 687 1338 innotescere
716 1276 860 1359 potuisse
885 1273 1056 1338 Ciacconio
1086 1272 1230 1356 putabis,
1259 1271 1373 1354 quippe
1396 1271 1444 1332 ian

327 1403 413 1445 anno
442 1398 641 1446 crolanxrn
674 1383 825 1446 mortuo?
872 1381 993 1456 Quodsi
1020 1403 1060 1444 ne
1084 1378 1231 1462 Lipsium
1260 1377 1382 1461 quidem
1407 1399 1445 1458 po
1485 1412 1490 1467 !

327 1489 427 1551 tuisse
452 1487 611 1552 Ciacconii
636 1489 868 1553 commentario
897 1489 943 1550 nti
973 1487 1141 1570 obieceris,
1170 1484 1284 1568 utqui
1309 1505 1371 1547 non
1392 1487 1445 1544 aute·
1483 1506 1491 1545 r

327 1617 447 1659 annum
472 1614 648 1661 crorocvrn
675 1596 708 1658 in
737 1596 841 1659 lucem
870 1596 1015 1678 proditus
1044 1596 1101 1676 sit,
1133 1593 1275 1676 aliquam
1307 1613 1380 1654 sane
1402 1590 1445 1652 hoc
1483 1576 1490 1687 Ι

299 1703 392 1765 sveri
412 1703 549 1786 speciem
569 1702 644 1765 hinc
663 1701 775 1782 habet,
799 1701 882 1784 quod
903 1723 960 1764 nec
975 1700 1116 1764 libertus
1133 1699 1354 1782 Krebsiusque
1372 1697 1444 1760 alian
1483 1690 1489 1733 ³

325 1813 454 1890 practer
477 1809 566 1872 illius
591 1809 665 1872 anni
691 1809 911 1892 editionem*),
936 1832 1016 1892 quae
1041 1807 1121 1871 mihi
1141 1828 1267 1891 quoque
1287 1806 1357 1870 sola
1379 1826 1446 1887 prae·

327 1920 377 1978 sto
401 1921 460 1998 est,
483 1920 655 1999 noverunt,
679 1923 711 1980 et
735 1939 865 2000 prorsus
890 1917 937 1980 ita
961 1916 999 1978 de
1024 1912 1208 1996 ‘Ciaconii’,
1237 1914 1293 1996 qui
1317 1911 1446 1994 ‘superio

326 2023 415 2086 ribus
440 2023 532 2086 annis
553 2023 674 2088 Rornae
699 2023 831 2088 obiisse’
856 2022 981 2106 dicitur,
1003 2021 1123 2085 libellis
1145 2021 1306 2104 postumis
1330 2021 1361 2083 in
1379 2020 1446 2083 illius
1482 2056 1490 2111 Ι

325 2128 489 2211 prooemio
513 2129 633 2192 nrentio
658 2132 702 2212 lit,
725 2131 817 2213 quasi
843 2131 871 2193 ei
897 2151 1069 2212 numquam
1094 2133 1191 2192 ant-ea
1214 2129 1303 2212 typis
1323 2125 1446 2210 impressi
1484 2128 1490 2201 ξ

327 2236 399 2297 sint.
446 2233 506 2299 Sed
531 2239 637 2299 tamen
662 2243 794 2320 propter
817 2260 888 2300 earn
913 2260 1008 2321 quam
1037 2235 1218 2321 significavi
1247 2257 1390 2299 caussam
1411 2233 1446 2294 rix

326 2341 451 2404 videtur
475 2342 543 2404 fieri
563 2365 656 2424 posse
677 2345 753 2427 quin
773 2344 850 2407 tides
871 2344 1084 2426 Bernhardyo
1104 2343 1271 2424 habeatur,
1294 2343 1348 2425 qni
1369 2342 1446 2404 histo·

327 2447 391 2510 riae
421 2447 482 2510 litt.
506 2448 596 2513 ltom.
620 2473 649 2532 p.
672 2451 733 2515 179
763 2452 809 2514 ed.
838 2453 893 2516 alt.
922 2452 985 2515 iam
1014 2474 1098 2515 anno
1127 2467 1353 2514 clblcuxxxvr
1379 2447 1446 2512 Ciac-
1483 2472 1490 2631 Ι

327 2553 409 2616 conii
425 2557 689 2620 commentarium
704 2558 826 2621 Rornae
840 2559 1007 2642 prodiisse,
1022 2559 1179 2621 incertum
1200 2580 1264 2640 quo
1285 2555 1446 2621 auctore‘b

1485 2646 1490 2669 Ι

415 2805 440 2870 *)
464 2802 513 2856 Est
539 2821 572 2856 ea
595 2803 646 2856 hoc
675 2804 771 2858 titulo:
803 2804 921 2857 ‘Pn'rnr
940 2807 943 2868 t
960 2804 1121 2858 ciaconii
1139 2807 1142 2872 Ι
1160 2801 1446 2872 'ronnrnn'lqopn-

326 2892 396 2946 cula.
414 2896 417 2960 l
435 2893 473 2945 In
490 2892 635 2946 Columnae
649 2892 794 2957 Rostrutoc
814 2895 1014 2960 inscriptionem
1032 2899 1035 2958 l
1053 2895 1096 2947 De
1113 2893 1294 2958 Ponderibus.
1313 2899 1316 2956 l
1336 2895 1374 2947 Dc
1389 2893 1446 2946 Men·
1486 2883 1491 2895 '

325 2981 404 3044 suris?
423 2983 426 3046 l
444 2981 628 3045 Dert'umruif.
647 2981 650 3048 l
669 2980 794 3033 ROMAE
812 2983 815 3043 l
833 2981 872 3034 Er
884 2983 1085 3051 Typographia
1096 2982 1240 3036 Vaticana.
1259 2986 1263 3050 Ι
1280 2984 1308 3036 ltl
1324 2985 1369 3039 DC
1382 2979 1430 3034 eur

328 3071 356 3106 no
370 3073 452 3108 licentio
467 3070 614 3119 superiorum!

396 3154 437 3222 **)
457 3157 528 3208 Nam
547 3158 603 3209 suis
623 3158 709 3211 oculis
726 3159 828 3212 vidisse
843 3176 926 3228 aegre
942 3160 1061 3226 credam,
1081 3161 1159 3214 cuius
1173 3161 1289 3228 quidem
1306 3162 1372 3216 haec
1384 3158 1446 3212 serbe

326 3243 393 3295 sint:
415 3244 539 3311 ‘ergbnzt
558 3263 610 3298 von
632 3247 659 3300 Ρ.
680 3247 842 3301 Ciacconius
863 3249 949 3301 baim
970 3249 1082 3301 llucho
1101 3251 1134 3302 dc
1155 3253 1245 3303 racemis
1261 3249 1446 3318 ponderiloed

327 3334 467 3395 interemeris,
486 3332 564 3386 ltom.
587 3335 673 3388 1586!
705 3336 762 3388 Nec
782 3335 855 3389 eninr
874 3336 903 3388 in
923 3337 996 3389 huno
1017 3335 1130 3390 modum
1150 3336 1311 3406 discrepare
1331 3337 1446 3399 utrinque

327 3418 456 3472 editionis
476 3419 580 3472 indices
602 3422 657 3474 veri
677 3426 720 3475 est
739 3423 838 3488 simile,
863 3428 891 3477 et
910 3427 1020 3477 tuntum
1040 3424 1121 3477 abest
1140 3427 1171 3478 ut
1189 3423 1248 3477 ullo
1269 3425 1350 3480 modo
1367 3423 1445 3477 adren-

327 3505 408 3559 ticius
432 3507 468 3559 sit
491 3508 524 3561 dc
550 3511 678 3563 columna
701 3514 822 3564 rostrata
845 3513 969 3578 libellus,
999 3513 1021 3566 is
1045 3517 1077 3566 ut
1100 3517 1130 3566 et
1148 3515 1302 3582 praecedat
1321 3517 1412 3567 ceteros
1428 3507 1446 3558 iu

327 3594 478 3661 posteriorc
502 3597 624 3652 editione
648 3603 677 3654 et
701 3602 774 3653 houd
798 3602 893 3669 paullo
917 3602 960 3654 liis
985 3602 1108 3656 limatior
1132 3604 1176 3655 sit.
1216 3603 1256 3656 Vt
1274 3605 1360 3657 multo
1377 3597 1445 3656 maadi

327 3682 354 3734 in
373 3683 422 3736 hos
447 3684 504 3751 (qui
529 3705 562 3739 ne
587 3687 665 3740 latini
690 3688 802 3755 quidem
827 3691 879 3742 toti
904 3693 981 3756 erint,
1010 3691 1058 3744 sed
1087 3691 1243 3759 promiscue
1273 3692 1357 3746 latino
1381 3696 1445 3752 arque

326 3771 448 3840 Hispano
468 3791 591 3828 sermono
611 3775 717 3843 scripti)
742 3794 824 3844 quarn
849 3777 877 3830 in
897 3778 975 3831 illurn
1001 3798 1034 3832 ea
1057 3780 1162 3833 cadant
1184 3798 1257 3847 quae
1281 3781 1309 3834 in
1328 3773 1445 3849 prooemio

327 3859 466 3926 leguntur:
498 3862 584 3916 ‘lntcr
612 3864 727 3916 schedas
756 3865 831 3917 Petri
856 3865 980 3920 Cioconii
1004 3868 1134 3922 Toletani
1154 3909 1346 3926 ........
1365 3859 1444 3931 reperti

327 3950 390 3998 sunt
413 3949 442 4001 hi
465 3949 554 4004 libelli
578 3952 636 4005 cius
661 3971 744 4007 manu
770 3953 919 4022 diligenter
947 3955 1059 4023 quidem
1088 3957 1236 4026 descripti,
1269 3975 1331 4010 non
1356 3959 1444 4008 tanen
1496 4001 1497 4006 ,

327 4035 414 4086 omni
439 4056 474 4089 ex
498 4043 596 4106 parte
620 4041 785 4108 absoluti,
805 4061 866 4096 cum
888 4061 934 4096 cos
954 4045 1010 4098 iam
1030 4045 1139 4114 pridem
1159 4046 1198 4100 sic
1217 4046 1339 4114 digestos
1357 4043 1380 4096 iu
1396 4053 1444 4092 arte
1496 4037 1497 4106 ἦ

328 4125 493 4188 reposuerit,
510 4125 609 4180 itcrunr
625 4129 788 4183 relecturus:
808 4132 882 4197 quod
898 4134 1072 4200 gravioribus
1087 4135 1268 4203 postmodum
1282 4134 1350 4188 curis
1363 4131 1443 4184 disten·
1496 4169 1497 4204 ,

327 4209 371 4260 tus
391 4213 521 4276 perficere
540 4233 594 4268 non
614 4218 707 4283 potuit
724 4235 775 4270 nec
794 4237 924 4287 suprema
948 4239 1064 4276 censura
1088 4223 1151 4277 illos
1172 4223 1316 4292 expolirc.’
1337 4253 1362 4260 -
1383 4219 1442 4271 Cel&
1496 4205 1497 4294 ,

329 4312 389 4345 rum
408 4300 480 4362 quod
501 4301 541 4353 ‘11
557 4303 694 4357 Ciacconii
713 4305 742 4358 in
762 4306 881 4361 column.
902 4313 981 4363 rostr.
998 4310 1026 4364 C.
1043 4310 1129 4365 Duilii
1150 4312 1292 4380 lnscriptt
1308 4305 1441 4364 commeutt

329 4381 406 4435 loom.
429 4385 505 4437 1597’
528 4388 587 4456 (sio)
607 4391 738 4443 Baehrius
758 4394 828 4448 llist.
848 4395 903 4450 rin.
925 4398 1003 4451 ltom.
1028 4402 1047 4452 t.
1069 4401 1093 4451 ll
1117 4417 1143 4468 p.
1165 4409 1180 4455 8
1201 4397 1399 4456 commemorat,
1421 4386 1440 4440 ld
1496 4379 1497 4434 l

328 4469 409 4536 quale
429 4471 465 4524 sit
485 4491 594 4542 prorsus
614 4496 657 4532 nie
676 4479 771 4547 lugere
791 4481 888 4536 fateor.
