3040 5122
410 395 613 443 neroniana
638 395 810 444 suasurus.
1122 381 1181 446 131

62 537 226 620 suppleatur
249 543 430 622 supersunt.
471 537 516 604 m
540 539 627 624 ipsos
651 539 779 624 quidem
804 561 914 604 uersus
937 539 1026 604 vides
1051 562 1183 624 prorsus

62 642 158 708 adeas
180 643 268 730 leges
293 643 405 730 factos,
428 667 509 732 quas
528 645 563 710 in
581 645 799 712 monumentis
817 667 952 732 regnare
972 646 1060 712 solas
1082 669 1184 732 nuper

60 750 158 819 dixiiu
183 752 389 818 anarmtione
412 753 499 818 tituli
522 751 714 818 Mummiani
739 755 850 837 [supra
873 775 903 838 p.
923 753 994 834 8312

109 910 208 986 Quod
231 915 273 977 re
298 913 366 978 susi
389 911 624 994 dlif]eidens
647 951 668 960 -
693 915 867 999 asperht]
893 911 1055 978 afleicta

108 1017 245 1084 Parens
269 1019 412 1085 timens
435 1018 519 1086 heic
543 1023 668 1106 u6uit‚
690 1059 712 1068 -
735 1025 826 1086 usito
850 1021 921 1086 bdc
945 1019 1130 1102 soluit[o],

108 1123 306 1207 [Delcumai
329 1127 434 1192 lactat
458 1127 641 1212 poliucta
664 1165 685 1174 *
709 1126 895 1194 leibereis
920 1127 1137 1208 lubdln]tes
1198 1147 1222 1188 us

107 1231 207 1296 Domi
232 1234 381 1300 danuiut
404 1233 586 1301 Heraclei
609 1273 631 1282 -
654 1236 850 1299 maxsumi
873 1235 1026 1302 mereto.

107 1337 225 1404 semel
249 1346 288 1406 te
313 1342 426 1406 orant
449 1363 488 1407 sa
512 1343 633 1424 [u]dti
656 1379 678 1388 -
702 1342 838 1408 crebro
863 1341 1139 1422 condemnes.*)

54 1500 94 1563 sie
116 1501 196 1566 enim
227 1502 398 1588 evanidae,
430 1508 468 1570 ut
496 1503 645 1587 exemplo
673 1500 885 1586 lithographo
913 1506 1025 1566 nostro
1051 1499 1181 1566 evidens

54 1607 108 1670 fieri
128 1608 303 1694 voluimus,
337 1609 465 1676 litterae
488 1611 571 1676 citra
598 1609 835 1674 dubitationem
867 1609 1068 1674 instauratae
1097 1613 1181 1674 sunt

53 1711 106 1778 Nec
126 1715 161 1780 de
183 1717 453 1802 interpretatione
472 1717 577 1784 babeo
601 1717 717 1802 inquo
737 1716 925 1801 discrepem.
959 1714 1026 1782 Sed'
1041 1716 1080 1780 de
1100 1720 1181 1780 tem·
1245 1781 1252 1796 ,

54 1843 115 1903 pore
135 1823 183 1890 hie
206 1845 336 1910 quoque
360 1825 529 1911 aliquanto
553 1825 682 1908 certius,
704 1825 768 1889 nisi
791 1822 896 1908 fallor,
924 1822 1103 1890 existimari
1126 1844 1181 1906 po-

53 1931 121 1993 terit.
162 1930 248 1997 Nam
273 1933 337 1998 atsi
360 1932 441 1998 illud
464 1931 637 1998 Henaanus
660 1931 744 1996 dixit
772 1930 967 2016 rectissime,
995 1952 1061 1996 non
1083 1953 1180 2015 posse

53 2035 162 2102 titulum
185 2038 330 2104 medium
352 2039 516 2106 saeculum
536 2039 709 2124 septimum
729 2038 889 2122 excedere,
912 2041 1021 2103 tanuen
1040 2037 1180 2102 mihine

54 2142 205 2212 uicensimo
234 2145 367 2232 quidem
396 2167 482 2212 anno
510 2147 580 2212 eius
613 2147 732 2212 saeculi
761 2145 889 2210 uidetur
918 2145 1081 2229 posterior
1109 2167 1179 2211 esse

54 2271 137 2331 posse.
179 2251 384 2338 Quamquam
412 2252 500 2318 haud
529 2255 595 2320 scio
624 2277 666 2318 an
694 2274 734 2317 ne
762 2251 824 2318 hoo
855 2252 983 2336 quidem
1016 2254 1181 2336 satiauit,

53 2357 158 2438 quando
180 2381 239 2426 nec
263 2363 396 2427 obstare
421 2361 592 2446 quicquam
616 2359 708 2425 video
731 2359 902 2446 quominus
926 2357 966 2423 ad
989 2359 1061 2444 ipsa
1084 2360 1181 2426 initia

54 2467 162 2547 septimi
193 2469 318 2535 saeculi
346 2469 506 2534 exitiumue
539 2467 622 2534 sexti
645 2471 827 2548 revocetur,
860 2470 893 2530 et
921 2466 1078 2551 quaedam
1107 2488 1179 2532 essa

53 2589 117 2650 quae
138 2572 168 2638 id
190 2575 240 2640 vel
264 2576 408 2641 maxime
431 2573 594 2640 suadeant

123 2679 192 2746 Non
210 2682 354 2750 haerebo
380 2683 414 2748 in
433 2683 611 2768 scripturae
634 2683 749 2767 specie,
773 2683 853 2748 satis
876 2681 935 2746 illa
958 2679 1030 2746 rudi
1054 2681 1081 2744 si
1105 2702 1178 2746 oum

54 2779 160 2854 Pullmi
176 2787 297 2873 lapidis
317 2790 531 2874 supparisque
545 2789 663 2854 aetatis
678 2787 841 2871 aequabili
861 2787 1078 2852 concinnitate
1094 2809 1179 2852 conu-

54 2909 142 2977 paras,
166 2896 335 2980 multoque
358 2897 491 2982 propius
520 2895 560 2960 ad
583 2895 715 2960 illorum
738 2893 909 2960 titulorum
934 2893 1178 2960 similitudinem

55 2999 197 3068 accedente
220 3005 277 3088 qui
303 3003 392 3070 uelut
414 3009 549 3070 exeunte
573 3003 701 3070 saeculo
725 3007 816 3068 sexto
840 3003 873 3066 in
894 3002 1040 3086 sepulcro
1056 3001 1179 3087 Scipio·

55 3109 243 3195 conscripti
267 3115 347 3178 sunt
369 3111 420 3176 vel
444 3111 584 3196 septimo
612 3111 744 3176 ineunte
772 3109 805 3175 in
829 3109 941 3174 tabula
963 3106 1178 3178 Memmiana:

56 3231 84 3274 ex
102 3213 163 3298 ipso
186 3239 337 3286 sermone
359 3219 464 3304 petita
487 3223 677 3304 argumenta
700 3221 830 3304 praesto
854 3221 938 3282 sunt.
972 3215 1113 3283 Primum
1138 3219 1178 3284 de

55 3313 255 3390 POLOVOTA
276 3325 384 3390 forma
398 3322 487 3412 (nam
505 3325 612 3390 forma
625 3328 685 3404 est,
704 3347 769 3390 non
788 3321 962 3411 scriptura)
981 3325 1178 3392 recordanda

57 3429 114 3488 suut
129 3449 205 3512 quae
224 3453 325 3518 supra
345 3433 388 3516 [p.
405 3433 481 3514 117]
505 3431 673 3516 explicavi.
711 3430 834 3496 Deinde
853 3429 880 3496 0
899 3431 1004 3516 proV
1023 3431 1124 3498 habes
1144 3434 1178 3498 in

58 3525 266 3620 HEROOLEI,
298 3537 326 3602 E
350 3560 409 3624 pro
437 3537 453 3604 1
481 3539 515 3604 in
538 3536 736 3622 MERETO,
764 3545 934 3624 utrumque
958 3543 1115 3606 sociatum
1144 3541 1178 3606 in

58 3633 186 3728 sallon,
209 3647 300 3712 cuius
323 3645 447 3712 formae
470 3647 698 3732 antiquitatem
722 3647 756 3712 in
779 3646 887 3733 priora
909 3647 1026 3712 saltem
1050 3647 1178 3732 syllaba

59 3763 176 3816 senense
202 3753 373 3820 Plautinos
400 3753 502 3821 libros
530 3753 656 3840 Proleg.
680 3777 710 3840 p.
729 3751 851 3820 XCVII
874 3777 920 3840 sq.
949 3755 1089 3820 narrari.
1134 3753 1179 3819 Et

58 3847 221 3924 HEROOLI
252 3861 384 3947 quidem
416 3865 521 3926 exstat
553 3865 721 3946 praeterea
752 3863 787 3926 in
814 3861 1027 3926 Fabrettiana
1059 3883 1089 3946 p.
1113 3861 1178 3926 659

61 3961 152 4029 [1502
173 3965 220 4048 [Ο.
242 3967 267 4034 L
293 3966 326 4034 1..
350 3969 365 4034 I
389 3993 419 4034 n.
439 3969 517 4050 815]
546 3969 690 4034 iunctum
715 3991 787 4033 cum
812 3965 1011 4036 ANTIOOV
1034 3967 1178 4034 nomina·

61 4063 109 4130 tivo
129 4069 328 4150 [HERCOLI
356 4077 454 4142 etiarn
481 4077 516 4142 in
545 4079 696 4161 suspecta
723 4073 803 4140 mibi
835 4073 1065 4141 Boisaardiana
1088 4073 1178 4144 Grut

64 4167 132 4254 llll:
152 4179 295 4249 HERCO
314 4235 322 4252 .
342 4233 349 4250 .
369 4233 377 4248 .
399 4185 432 4250 in
453 4183 635 4270 fragmento
651 4181 854 4248 Amiternino
875 4181 1068 4249 Mommseni
1088 4183 1174 4250 5757

67 4327 241 4354 κ“““---

129 4425 151 4494 'l
169 4429 287 4498 [‘Paullo
301 4431 376 4488 enim
395 4433 487 4488 miuus
505 4433 597 4489 erdbro'
616 4432 773 4488 cormeum
791 4431 896 4500 placat'
913 4373 1177 4488 addiiltitscbalius

67 4500 138 4570 Eunu,
154 4533 178 4586 o.
191 4525 232 4576 4a.
269 4521 296 4580 C.
312 4521 369 4593 W.)

925 4611 962 4666 q*
