2972 5120
411 399 690 448 svrrnnnsurvu
714 399 762 446 ιιι.
1089 381 1152 445 521

43 549 109 612 aliae
127 567 243 630 queque
270 545 305 609 11
327 544 441 610 eodem
466 543 565 608 titulo
593 541 720 608 litterae
748 542 843 606 lineis
870 563 937 606 non
964 540 1155 606 coeuntibus

42 654 127 718 bisul:
147 647 234 718 ΗΝ
253 647 274 716 b
295 644 324 718 D
344 651 395 720 ll.
442 648 558 728 Qualia
580 649 726 734 exempla
749 649 783 714 11
802 648 837 713 Ρ.
859 647 894 712 L.
917 646 960 712 M.
983 647 1021 714 n.
1045 648 1156 712 indici-

42 759 88 822 bus
108 757 378 844 palaeographicis
401 780 432 842 p.
449 757 525 822 119⁰
547 755 718 842 designata
740 778 807 821 111
825 755 905 820 adeo
923 777 1027 839 pauca
1045 754 1156 820 habes.

41 901 72 912 -·
93 861 230 930 Ceterum
253 863 360 930 cultus
375 863 538 950 Apollinis
562 885 658 948 quam
682 861 770 928 cordi
792 861 891 928 fuerit
909 859 1047 946 Calenis,
1070 863 1155 926 recte

40 971 244 1038 tuidobsldius
268 971 395 1038 monuit
412 971 492 1036 satis
512 992 529 1034 e
547 970 688 1036 nummis
707 969 839 1035 illorum
857 967 1019 1054 intellegi,
1042 968 1155 1052 quales

39 1099 95 1145 cum
115 1078 192 1162 apud
210 1077 386 1144 Garellium
410 1081 671 1162 repraesentatus
695 1076 783 1142 vides
802 1079 873 1141 tum
895 1075 929 1140 in
947 1074 982 1139 Ρ.
1001 1073 1036 1140 1..
1055 1073 1099 1138 M.
1117 1071 1155 1138 E.

39 1183 235 1269 111115
260 1184 309 1266 [1.
332 1184 414 1250 ιι.
438 1183 452 1250 ι
476 1206 507 1249 n.
531 1185 595 1265 15l·

541 1363 689 1372 ---·——-

107 1505 153 1570 Ad
175 1505 469 1570 Praenestinam
494 1504 723 1589 antiquitatem
746 1503 861 1587 reliqui
885 1503 972 1568 tituli
995 1505 1158 1588 pertinent

36 1609 83 1676 hac
103 1613 208 1678 tebula
231 1612 422 1679 consociati:
446 1633 583 1696 quorum
607 1615 722 1694 ectypa
744 1609 915 1675 chartacea
938 1633 958 1674 a
976 1611 1046 1676 viro
1065 1631 1155 1694 prae-

35 1720 216 1785 stantissimo
248 1719 347 1786 Petro
380 1717 546 1784 Cicerchis
578 1715 789 1782 Praenestino
823 1719 955 1800 accepta
987 1716 1090 1782 amice
1119 1719 1158 1780 ut

34 1825 102 1890 solet
122 1825 299 1892 Guilelmus
322 1825 491 1891 Hennenus
515 1825 684 1891 nobiscum
708 1822 965 1889 communicavit.

105 1933 146 1998 nt
171 1933 210 1998 de
238 1955 278 1999 1ο
305 1931 434 2018 quidem
462 1953 557 2016 quem
589 1931 649 1996 sub
673 1929 707 1994 B
733 1928 901 2014 posuimus
933 1929 1045 2012 paucis
1072 1927 1157 1994 idem

33 2038 210 2125 significavit
233 2041 267 2104 in
283 2037 489 2104 ‘Bullettino’
509 2037 596 2104 arch.
611 2037 703 2102 Rom.
722 2059 750 2100 a.
768 2035 852 2101 1863
876 2059 906 2120 p.
925 2036 955 2118 8,
978 2041 1156 2120 receperat-

33 2166 82 2227 que
103 2169 170 2212 eum
193 2147 260 2212 iam
284 2145 505 2210 Mommsenus
532 2145 567 2209 in
591 2143 717 2227 Corpus
739 2143 831 2208 inser.
852 2142 909 2206 lat.
928 2141 1019 2206 roll
1043 2165 1072 2226 p.
1092 2143 1157 2208 562

32 2253 158 2320 11541.
201 2252 272 2319 Nec
299 2252 373 2338 plus
400 2272 497 2336 quam
525 2250 567 2316 ab
594 2249 662 2315 illie
689 2250 741 2316 vel
770 2250 889 2315 lectum
919 2253 970 2314 est
992 2249 1044 2313 vel
1067 2248 1158 2314 intel·

33 2357 147 2442 lectum,
172 2359 269 2426 nobis
292 2357 452 2442 expiscari
475 2357 582 2422 licuit:
614 2361 683 2422 tam
711 2357 827 2422 misere
851 2377 1018 2422 corrosum
1042 2355 1093 2419 vel
1122 2361 1159 2421 ut

31 2465 121 2530 serius
146 2465 253 2532 dicam
277 2463 522 2530 derunciuatum
551 2463 692 2548 lapidem
716 2467 785 2528 tam
808 2462 942 2528 mutilae
965 2460 1060 2526 hodie
1083 2461 1158 2526 reli·

32 2571 110 2654 quiae
131 2572 289 2656 pristinae
312 2572 490 2656 scripturae
513 2573 683 2655 occupant.
734 2567 825 2646 Quod
848 2571 885 2632 ut
907 2567 1004 2652 quale
1027 2567 1158 2632 tandem

32 2683 103 2742 esset
123 2683 154 2744 et
175 2679 261 2744 unde
284 2677 407 2744 factum
431 2698 563 2762 prorsus
587 2677 801 2758 resciscerem,
823 2673 1059 2760 Wolfgangum
1083 2671 1158 2737 Hel·

32 2783 138 2868 bigium
156 2783 387 2867 Dresdensem,
406 2783 596 2869 disciplinae
610 2781 792 2847 Bonnensis
813 2785 882 2846 tam
901 2801 1043 2866 gnavum
1061 2802 1159 2866 quam

32 2889 193 2957 officiosum
213 2891 396 2974 alumnum,
418 2889 513 2954 111111
532 2889 682 2973 precibus
701 2887 781 2953 meis
800 2887 887 2952 movi
907 2891 944 2952 ut
962 2887 1049 2952 adito
1064 2887 1159 2952 Prae-

31 2996 214 3064 nestinorum
243 2997 364 3082 oppido
395 3019 508 3063 saxum
531 2996 612 3062 illud
636 2996 808 3082 diligenter
835 2995 1035 3062 examinaret
1057 2994 1160 3079 deque

32 3123 62 3164 eo
89 3103 164 3168 haec
196 3105 238 3170 ad
272 3125 323 3168 me
355 3103 490 3170 referret
521 3126 604 3189 quae
632 3103 720 3170 infre
750 3103 866 3188 scripsi
896 3102 959 3168 fide
989 3101 1159 3167 verborum

32 3215 150 3276 servata

87 3315 155 3382 ‘Die
182 3315 461 3403 praenestinische
488 3315 810 3400 Turpenusinschrift
838 3315 978 3381 befindet
1006 3315 1076 3380 sich
1105 3315 1164 3382 auf

86 3425 185 3491 einenr
202 3424 323 3506 Steine,
346 3423 379 3488 in
399 3422 554 3488 welchem
574 3445 662 3507 nran,
686 3423 729 3487 da
751 3445 786 3487 er
803 3423 855 3488 fur
874 3423 945 3488 eine
961 3422 1160 3488 Bildsbulen·

88 3531 171 3598 basis
194 3555 235 3596 zu
259 3529 348 3594 lrlein
372 3529 429 3612 ist,
452 3528 536 3595 nach
555 3530 642 3595 allen
662 3529 843 3615 Analogien
867 3531 938 3594 eine
958 3529 1025 3594 Ara
1051 3531 1160 3594 erlren-

87 3658 145 3702 nen
163 3659 263 3704 muse.
296 3635 458 3721 Auffellig
480 3635 523 3701 ist
546 3636 598 3700 die
612 3635 813 3702 Schmalheit
835 3636 891 3700 der
913 3635 1029 3700 beiden
1044 3634 1162 3716 Seiten,

90 3742 204 3808 welche
228 3743 343 3808 hinten
366 3765 408 3808 an
431 3742 483 3808 die
506 3741 743 3808 Inschriftseite
767 3745 926 3807 ansetzen.
963 3741 1068 3807 Schon
1093 3740 1161 3805 dies

89 3849 195 3914 uracht
218 3871 254 3916 es
273 3848 556 3934 wahrseheinlich,
579 3849 653 3915 dass
677 3850 728 3914 die
750 3849 876 3915 hintere
891 3847 1001 3914 Helue
1024 3847 1080 3912 der
1095 3846 1162 3913 Ara

88 3953 323 4042 abgeschlagen
345 3957 397 4022 ist.
435 3955 499 4021 Zur
522 3955 716 4022 Gewissheit
738 3956 818 4021 wird
841 3957 928 4022 disse
947 3952 1087 4020 Ansicht
1108 3955 1161 4018 da·

89 4061 195 4145 durch,
219 4063 294 4128 dass
318 4062 386 4128 sich
410 4063 444 4128 in
468 4063 654 4128 demselben
669 4062 801 4146 Garten,
825 4086 875 4128 wo
894 4062 962 4128 sich
982 4061 1032 4127 die
1050 4060 1162 4126 bisher

90 4167 249 4234 bekannte
271 4167 385 4234 Heme
407 4169 579 4254 vorfindet‚
602 4169 686 4235 auch
709 4169 760 4234 die
784 4169 902 4234 andere
926 4169 1072 4234 erhalten
1095 4166 1162 4233 hat.

90 4273 180 4339 Denn
203 4275 279 4340 dass
302 4275 353 4340 die
372 4275 487 4340 beiden
503 4275 613 4342 Steine
631 4275 970 4360 zusammengeh'dren,
992 4275 1078 4341 lehrt
1096 4275 1161 4340 eiu-

90 4381 153 4446 mal
175 4381 228 4447 die
252 4381 452 4468 vollstindig
475 4379 654 4447 identiscbe
668 4380 931 4446 Beschaffenheit
952 4383 1010 4446 der
1032 4380 1163 4448 heisten

92 4487 151 4552 und
165 4487 383 4574 Hohlkehlen,
401 4488 522 4554 welche
541 4489 592 4552 die
606 4488 701 4554 Basis
716 4489 773 4554 der
786 4489 902 4555 beiden
916 4487 1024 4556 Steine
1044 4489 1163 4574 bilden,
