3008 5118
292 407 410 456 sonere
434 406 632 456 snrvnmsn
656 405 891 454 sarornnorvu.
1101 389 1166 454 307

31 551 158 634 receptis
182 572 266 634 quae
290 572 387 637 supra
407 551 528 636 scripta
552 554 645 618 erant
667 549 701 614 in
724 547 895 614 verborum
921 547 1168 614 continuitatem

31 657 117 722 simul
140 661 292 742 serpente
310 678 419 723 errore
439 656 488 722 vel
507 661 628 723 temere
647 655 822 722 traicerent
840 655 999 722 vocabula
1017 656 1068 721 vel
1087 655 1167 720 osci·

31 769 127 828 tenter
153 787 238 849 quse
266 764 422 830 servanda
453 767 546 828 erant
574 762 880 848 praetermitterent
927 762 1077 840 Qualium
1100 767 1169 827 tur-

31 871 131 935 barum
163 869 219 954 qui
248 871 395 956 exempla
418 869 592 948 desideret,
621 869 772 935 Plautum
796 871 938 936 evolvat:
971 869 1097 935 offatim
1121 891 1168 934 re·

31 977 130 1059 periet.
175 977 247 1042 Nec
271 997 309 1041 ea
332 977 365 1041 in
394 977 580 1042 coniectura
607 977 729 1061 posita,
761 977 817 1042 sed
845 977 992 1061 ipsorum
1020 975 1168 1040 dissensu

31 1083 162 1148 codicum
196 1088 393 1149 contestata:
426 1105 486 1148 nec
518 1083 733 1148 recentiorum
760 1087 889 1149 tantum
921 1083 1082 1167 codicum,
1113 1081 1169 1146 sed

30 1189 117 1272 ipsius
150 1189 380 1274 Ambrosiani,
418 1189 544 1254 modico
576 1189 732 1274 temporis
765 1189 937 1256 intervallo
970 1211 990 1254 a
1020 1187 1169 1254 Galliena

31 1301 123 1361 aetate
152 1295 319 1361 distantis.
366 1295 456 1372 Quae
484 1297 593 1361 omnia
615 1317 687 1360 cum
716 1295 763 1361 ita
786 1295 865 1380 sint,
892 1317 959 1362 non
983 1295 1169 1362 dubitemus

30 1425 168 1467 versuum
187 1401 445 1468 Catonianomm
469 1401 554 1468 bunc
577 1402 644 1467 tere
667 1405 813 1468 tenorem
837 1401 1062 1468 commendare
1086 1401 1144 1490 (l):

107 1527 330 1592 Aneiritiam
353 1527 483 1594 omnia
507 1525 606 1592 uitia
628 1526 799 1592 he-be're
822 1527 1076 1612 de'pntribsnt:

105 1631 277 1718 Cuppds,
300 1636 562 1720 sumptuosus,
584 1671 606 1680 —
630 1634 803 1718 filagrius,
826 1632 984 1699 deliciis

105 1739 292 1805 Inte'ntus
316 1739 383 1826 qni
402 1739 634 1826 habebitur,
656 1777 678 1786 -
700 1739 734 1806 is
757 1739 1004 1805 laudabrttur.

32 1861 83 1927 Pro
104 1865 222 1930 delia-iis
246 1865 310 1928 etei
333 1865 400 1929 alia
423 1865 633 1951 inpromptu
657 1869 747 1949 sunt,
776 1869 887 1928 tamen
910 1862 950 1928 ad
974 1865 1170 1930 sententiam

32 1971 125 2052 aptius
148 1994 216 2036 non
241 1971 411 2056 succurrit,
434 1994 507 2037 enm
530 1972 630 2038 latius
654 1977 769 2057 patens
794 1970 980 2036 deliciarum
1004 1973 1095 2037 notio
1119 1993 1169 2036 su·
1185 1993 1211 2032 rc

32 2077 202 2162 pellectilis,
233 2078 420 2163 epularum,
448 2079 645 2162 saltationis,
673 2079 793 2144 amoris
817 2077 1019 2162 voluptatem
1042 2099 1170 2142 omnem
1296 2135 1300 2146 .

34 2183 285 2268 comprehendat.
326 2182 433 2249 Versu
460 2185 566 2269 primo
595 2185 781 2268 deputabant
810 2207 869 2270 pro
891 2185 1046 2270 putabant
1071 2185 1170 2249 etiam

34 2287 200 2357 Boeclrhius
231 2291 387 2374 corremt,
419 2293 635 2378 corruptelam
664 2293 719 2358 ille
743 2293 872 2378 quidem
904 2291 1172 2376 agrammatico·

34 2416 92 2460 rum
114 2397 232 2464 stodiis
258 2402 418 2483 repetens,
451 2399 568 2484 quibus
592 2399 762 2465 offensioni
786 2399 887 2464 luisse
911 2397 1054 2464 insolens
1077 2419 1171 2465 voca·

35 2500 133 2567 bulum
156 2506 355 2590 suspicatur:
379 2504 462 2591 qnod
487 2509 601 2570 contra
624 2505 719 2570 nobis
738 2505 834 2592 longe
852 2504 1032 2590 simplicior
1057 2527 1171 2570 caussa

35 2611 270 2688 praetermissae
297 2613 334 2678 de
361 2612 508 2697 syllabae
535 2612 607 2677 risa
637 2617 687 2677 est
714 2613 748 2678 in
775 2633 809 2678 re
831 2611 1015 2677 litterarum
1038 2611 1168 2696 propin·

36 2713 142 2794 quitnte
166 2718 232 2782 sits
257 2739 338 2784 esse.

111 2999 264 3086 Superest
287 3002 384 3068 atde
408 3003 455 3068 eis
474 2897 716 3088 dsstuquluite
740 3023 778 3066 ex
802 2999 913 3066 eodem
935 3001 1020 3068 libro
1038 3001 1171 3070 Catonis

40 3099 146 3172 Gellius
169 3109 217 3174 ait
241 3131 278 3174 se
297 3107 448 3193 ‘sparsim
468 3112 502 3174 et
520 3109 673 3175 intercise
693 3107 976 3174 commeminisse'.
1006 3109 1034 3174 E
1054 3109 1170 3195 quibus

40 3208 104 3290 ipsis
124 3215 229 3280 verbis
254 3215 336 3280 satis
358 3215 454 3281 nobis
479 3217 593 3282 veniae
617 3219 767 3300 paratum
792 3219 892 3299 esset,
919 3215 948 3280 si
971 3215 1077 3282 minus
1101 3238 1172 3302 pro·

41 3335 117 3396 spere
139 3341 234 3404 qnam
253 3322 289 3386 in
307 3320 411 3386 adhuc
430 3323 579 3388 tractatis
599 3323 817 3408 legitimorum
838 3321 1002 3387 restitutio
1021 3343 1171 3388 numero-

43 3441 100 3487 rum
117 3427 307 3492 succederet.
339 3426 385 3492 Et
407 3431 518 3494 tamen
540 3451 580 3494 ne
605 3429 644 3494 dc
667 3427 719 3494 bis
742 3428 872 3513 quidem
896 3429 963 3493 ullo
986 3428 1082 3494 modo
1102 3451 1172 3494 esse

42 3526 255 3614 desperandum
280 3532 415 3618 videtur,
439 3535 536 3600 modo
561 3557 644 3621 quae
668 3535 752 3600 ratio
776 3535 862 3600 inter
880 3533 1099 3620 fragmentum
1119 3535 1172 3600 de·

45 3634 143 3704 einum
166 3640 302 3706 ethaeo
325 3641 391 3707 tris
413 3663 496 3727 quae
520 3641 605 3706 infra
628 3641 722 3726 posui
741 3641 958 3706 intercesserit
980 3641 1013 3706 in
1037 3639 1171 3708 Catonis

45 3749 186 3830 l0emate,
215 3753 303 3814 reate
325 3749 555 3834 perspicietur:
589 3749 702 3814 Vestirc'
723 3749 759 3812 in
779 3749 848 3829 soro
870 3747 989 3812 honeste
1011 3769 1077 3814 mae
1098 3753 1172 3828 erat,

46 3845 112 3910 domi
131 3853 209 3932 quod
229 3855 307 3920 satie
329 3860 403 3920 crat
435 3875 526 3938 epum
544 3855 649 3920 carius
666 3875 762 3938 peram
779 3875 887 3937 coprem
904 3853 1049 3920 meant.
1077 3857 1172 3938 poeti»

47 3959 182 4023 necrus
207 3959 495 4028 homsaonerat.
538 3961 658 4044 εἰφιιζς
685 3964 783 4026 inca
810 3960 1173 4028 rcetudcbatautsesc

49 4059 81 4121 ld
98 4065 234 4130 muium
251 4068 441 4151 adplicabat,
461 4073 621 4152 praecator
640 4068 817 4134 uocabatur.
857 4065 957 4132 Vides
977 4089 1074 4154 quam
1091 4067 1173 4134 haec

51 4165 138 4242 prima
159 4173 260 4256 specie
288 4173 373 4240 inter
400 4195 434 4238 ee
457 4175 617 4258 pugnent,
649 4173 734 4260 qnod
762 4173 872 4258 priore
903 4173 1088 4259 fragmento
1116 4176 1172 4242 illo

51 4266 162 4340 laudata
182 4280 259 4346 olim
281 4303 352 4347 esse
371 4281 441 4347 vita
459 4285 660 4366 sumptuosa,
683 4282 816 4366 elegans
835 4283 869 4345 et
886 4279 1028 4348 delicata
1045 4283 1173 4368 dicitnr,

55 4375 111 4440 sola
129 4381 305 4468 improbata
328 4409 399 4454 esse
423 4387 571 4470 arantis,
593 4386 645 4452 his
665 4392 774 4453 autem
796 4387 936 4452 maiores
955 4391 993 4452 ut
1011 4388 1097 4476 frugi
1115 4389 1172 4456 ho·

55 4481 138 4548 mines
159 4493 189 4553 et
209 4513 302 4576 parce
331 4493 598 4577 continenterque
627 4491 781 4578 degentes
811 4493 1045 4578 praedicantur.
1091 4494 1172 4561 Con-

957 4598 1013 4654 20·
1166 4616 1169 4624 '
