3010 5116
298 261 363 325 322
532 279 579 326 DE
606 284 691 325 marr
712 284 814 326 esaan
835 278 1052 327 PRONOMINIS
1075 279 1215 327 Fonnls.

299 421 441 484 eisdem
474 420 658 505 iudicasset,
692 421 865 486 verendum
894 427 944 487 est
971 445 1012 487 ne
1041 423 1162 487 nimius
1185 421 1301 485 fuisset
1320 421 1416 504 vitupc

298 528 410 592 raudo.
456 528 568 611 anue
592 535 625 592 et
648 550 762 593 caussa
786 533 818 594 ct
841 530 926 594 ratio
951 534 1014 613 est,
1045 552 1102 594 cur
1128 529 1191 593 hoc
1218 528 1418 612 posthabuisse
1482 541 1483 544 ’

298 638 424 698 tautum
448 635 604 699 tenuioris
628 634 752 699 formae
775 635 904 700 lenitati
927 635 1053 701 Ennius
1078 635 1213 718 dicatur,
1235 635 1314 700 illud
1334 636 1420 719 lingna

298 763 430 824 prorsus
458 742 651 824 repudiasse.
692 742 782 806 Haec
811 743 920 827 igitur,
949 744 976 807 si
1004 748 1091 807 recte
1120 764 1250 808 sensum
1279 741 1421 824 scriptoris

298 849 504 932 interpretati
529 871 648 932 sumus,
671 849 772 913 verba
794 849 925 914 fuerunt
949 847 1130 914 Ciceronis:

364 955 468 1020 Isdem
490 976 616 1038 scrupeis
638 955 726 1020 babel
753 956 859 1040 inquit
886 955 1028 1040 Ennius,
1062 960 1095 1022 et
1126 958 1162 1020 in
1194 957 1315 1039 tenpus
1343 957 1479 1049 ἵιιῖιιιιι
1474 970 1479 985 ·

365 1062 511 1126 eisdem
545 1066 615 1127 eret
644 1064 764 1128 uerius:
803 1085 861 1127 nec
894 1066 1005 1128 tamen
1039 1064 1192 1147 probauit
1228 1068 1267 1128 ut
1300 1064 1424 1148 opimius.
1475 1112 1478 1134 .

364 1169 449 1233 male
473 1170 612 1234 sonabat
598 1170 772 1234 tisdem:
800 1171 1011 1254 impetratum
1041 1173 1091 1234 est
1114 1194 1133 1236 a
1158 1177 1295 1237 consuet
1281 1171 1381 1236 tudine
1399 1182 1424 1234 ul
1473 1208 1478 1252 Ι

364 1297 496 1358 peccare
520 1277 691 1341 suauitatis
716 1299 830 1341 caussa
853 1278 974 1342 liceret.

299 1383 416 1448 Vbii
381 1405 402 1447 a
404 1383 625 1468 eparticulam
645 1383 820 1448 delevimus
845 1388 919 1448 ante
887 1384 1089 1448 tcisdem
1112 1385 1256 1468 positam
1282 1386 1383 1470 vulgo,
1400 1403 1424 1446 u

299 1512 380 1575 quae
405 1513 442 1555 ex
466 1497 500 1554 ul
489 1494 600 1556 lnata
628 1514 691 1555 una
720 1513 791 1554 curn
821 1513 881 1555 con
884 1491 975 1576 tigno
997 1491 1147 1573 probauit
1134 1491 1273 1555 tverbo
1308 1513 1425 1576 pravam,

299 1621 395 1682 quam
418 1597 512 1663 hoc'
504 1620 608 1680 ipsum
632 1597 779 1662 inlibris
799 1598 935 1682 obtinet,
959 1597 1067 1662 sedem
1086 1599 1310 1680 occupaverit:
1333 1599 1426 1662 fortior

298 1710 348 1769 est
372 1705 456 1768 enim
481 1726 578 1787 quam
600 1728 659 1788 pro
684 1705 900 1789 oppositionis
919 1705 1056 1769 lenitate
1076 1702 1309 1788 Ciceronisque
1331 1706 1362 1769 in
1382 1705 1426 1767 hoe
1471 1641 1477 1756 l

298 1816 368 1876 toto
394 1813 584 1895 argumento
609 1811 853 1895 consuetudine,
883 1833 942 1875 nec
965 1811 1071 1895 magis
1099 1811 1272 1876 toleranda
1297 1812 1427 1898 quamsi
1472 1838 1476 1897 ς

297 1918 406 2002 paullo
431 1921 505 1981 ante
530 1917 619 1982 addi
605 1923 639 1982 ει
662 1919 766 1983 iubis
786 1923 884 1983 esset:
907 1939 961 1982 nec
978 1939 1050 1982 uero
1068 1918 1316 2000 reprehenderim
1334 1921 1477 2008 scrip·

262 2025 579 2091 xserealiiiwem
610 2028 644 2105 [o
623 2027 929 2110 memmerunt
955 2027 1283 2093 mseueriusseateb:
1307 2029 1476 2093 sedwa-¹
1471 2066 1476 2141 1

295 2133 452 2196 sueiudiee'
483 2133 613 2197 oleribus
643 2134 815 2216 iudcelpenti
790 2134 972 2198 elidenter
1004 2133 1156 2214 obseqeer.
1202 2132 1315 2198 Vnum
1346 2137 1428 2198 restat
1471 2179 1477 2211 ,

298 2239 381 2322 quod
402 2238 523 2322 aliquid
544 2239 714 2322 scrupuli
705 2240 823 2303 inicere
842 2240 960 2323 possit:
984 2239 1069 2322 quod
1088 2239 1177 2304 nullo
1194 2240 1318 2306 indicio
1337 2241 1476 2314 lector,

298 2367 369 2410 cum
389 2347 428 2410 ad
447 2347 526 2410 ceole
544 2346 673 2411 sonabat
695 2347 809 2411 isdem
833 2346 931 2410 verba
953 2346 1109 2430 pervenit,
1132 2347 1266 2411 docetur
1287 2348 1330 2412 ad
1345 2347 1429 2413 noni·

296 2455 440 2518 nativum
465 2454 526 2517 hoc
551 2458 695 2536 spectare
725 2475 784 2518 nec
808 2453 991 2518 continuari
1019 2453 1059 2518 de
1087 2453 1230 2520 ablativo
1255 2454 1429 2539 disputatio
1476 2507 1477 2518 ,

297 2583 379 2625 nem.
415 2560 461 2624 Et
483 2561 589 2644 potuit
613 2583 700 2642 sanc,
723 2561 750 2623 si
775 2583 905 2625 omnem
929 2582 1042 2626 cavere
1066 2582 1207 2626 errorem
1227 2561 1338 2646 vellet,
1359 2561 1430 2626 velut
1477 2591 1478 2611 ι

298 2669 343 2733 sic
366 2667 590 2752 perspicuitati
615 2667 754 2750 scriptor
778 2667 887 2732 dedita
911 2691 1009 2751 opera
1032 2669 1213 2733 consulere:
1241 2668 1293 2733 bic
1315 2671 1429 2733 eisdem
1471 2622 1480 2781 Ι

297 2781 363 2838 eret
384 2776 497 2853 averiis,
529 2795 581 2838 nec
604 2779 706 2838 leiren
723 2775 873 2855 probauit
892 2781 927 2838 ut
950 2776 1091 2856 opieeeius.
1127 2776 1208 2840 mole
1230 2776 1298 2840 illie
1318 2775 1431 2841 εοιιιιῖιιῖ
1475 2802 1480 2813 ·

296 2883 409 2947 isdem
433 2933 439 2946 .
459 2931 465 2946 .
486 2931 518 2945 ..
564 2880 686 2945 Verum
715 2885 748 2944 et
770 2881 1003 2946 recordandum
1032 2886 1082 2947 est
1104 2886 1228 2965 quanta
1256 2883 1301 2946 sit
1320 2880 1429 2946 Cicero
1474 2868 1480 2945 i

296 2988 346 3052 nis
367 2988 398 3052 in
419 2988 480 3053 hoc
499 2988 637 3052 aridiore
659 2987 898 3052 commentandi
917 3009 1035 3072 genere
1054 2988 1204 3052 universo
1223 2988 1430 3072 breviloquen-

191 3111 196 3118 ·
297 3095 356 3176 tia,
389 3100 422 3158 et
449 3096 664 3180 reputandum
691 3117 756 3159 non
785 3095 830 3158 eis
859 3095 952 3158 illum
981 3095 1164 3178 scripsisse,
1197 3095 1254 3178 qui
1281 3099 1375 3160 tanta
1394 3095 1430 3156 in-
1486 3173 1487 3180 ἵ

298 3201 479 3282 cogitantis
502 3206 609 3266 essent
632 3206 669 3266 ut
692 3202 731 3265 ad
756 3201 890 3266 eandem
915 3201 1062 3284 formam,
1087 3222 1185 3283 quam
1208 3200 1304 3266 modo
1327 3201 1430 3285 proba·
1486 3257 1487 3294 3

297 3310 366 3371 tam
389 3308 555 3392 legissent,
579 3309 817 3391 apertissimam
840 3307 1113 3390 improbationem
1135 3308 1302 3373 referrent.

386 3413 510 3478 Tantae
534 3415 629 3479 molis
658 3418 728 3479 erat
755 3414 952 3478 breviculam
980 3414 1018 3477 dc
1047 3435 1081 3477 re
1109 3414 1228 3497 pusilla
1252 3414 1430 3480 admonitio

297 3543 385 3604 nem,
418 3521 472 3586 sed
506 3521 616 3606 magni
649 3521 709 3583 viri
742 3521 996 3586 admonitionem
1025 3541 1083 3584 sua
1113 3521 1237 3605 sibique
1270 3521 1376 3585 debita
1404 3518 1429 3582 in

297 3628 367 3692 luce
390 3629 559 3693 collocare.
584 3665 621 3672 -

386 3736 421 3800 P.
440 3734 486 3799 lX
511 3737 623 3818 [supra
646 3757 675 3817 p.
695 3734 773 3814 321]
799 3755 871 3797 cum
895 3723 1038 3816 ‘apicius’
1062 3733 1211 3799 vocabuli
1236 3757 1296 3798 usu
1316 3731 1429 3797 Cicero

297 3844 394 3909 niano
420 3848 493 3926 apte
518 3839 723 3907 conferrie'
721 3839 849 3922 prayeee'
873 3840 951 3904 illud
975 3839 1178 3904 Lucilianum
1209 3845 1266 3925 pot
1253 3840 1312 3904 tuit
1339 3859 1428 3921 oppo-

298 3952 431 4014 situml
430 3951 571 4014 enere—
593 3947 652 4012 Cet
638 3953 743 4012 terum
763 3945 965 4012 aGaesare
956 3968 1006 4010 ms
1008 3950 1172 4011 tauratem
1192 3948 1284 4011 isdem
1302 3946 1427 4010 formam

297 4057 396 4121 etiam
419 4058 502 4122 hanc
526 4056 592 4120 vim
615 4055 779 4136 habuisse,
801 4056 838 4117 ut
857 4054 936 4118 adeo
957 4053 1132 4137 singularis
1153 4074 1278 4117 numen
1269 4051 1425 4115 'dativum

274 4161 278 4170 '
298 4164 377 4227 satis
396 4163 590 4226 mirabiliter
611 4163 704 4226 isdem
723 4162 842 4225 elatum
863 4183 969 4225 sermo
988 4161 1132 4245 vulgaris
1152 4160 1346 4239 adscisceret,
1368 4153 1424 4218 dixi

297 4291 398 4352 nuper
427 4269 529 4332 llusei
558 4270 658 4333 eren.
687 4272 709 4332 t.
733 4266 810 4331 XIV
839 4291 868 4350 p.
890 4268 955 4332 380
984 4267 1055 4330 adn.
1084 4267 1184 4346 [infra
1207 4288 1238 4333 n.
1261 4262 1357 4342 Xll'l.
1399 4257 1427 4322 Ε

291 4375 486 4458 pu‘uelizlicae
509 4376 650 4440 Deeeulie.
