3020 5118
147 417 303 464 VOCALES
327 415 533 464 flammam
556 415 600 462 ΕΤ
625 415 654 462 L.
674 413 798 461 ‚scelus
821 413 1080 461 oadunarlcvrl.
1129 395 1189 460 155

60 563 193 626 hararum
219 559 389 646 regionum
418 560 466 624 vel
494 559 704 644 neglegenter
731 556 889 622 sactorum
917 557 1085 622 titulorum
1116 577 1191 640 sap·

59 671 170 753 petunt:
195 690 261 752 quo
281 669 369 734 velut
387 663 604 732 MARHNVS
627 665 768 750 pertinet
791 665 822 730 in
839 662 1032 729 Gruteriaua
1054 685 1084 748 p.
1102 663 1191 746 th,4

59 777 97 851 lC.
114 777 137 842 1.
155 775 191 840 L.
215 774 312 858 III,l
337 797 367 840 n.
392 775 499 856 rouel,
524 773 575 838 vel
598 767 913 838 SANCTISSlllllS
937 794 967 855 p.
986 771 1074 852 628
1100 769 1149 852 [O.
1168 769 1192 834 l.

59 885 83 947 l..
104 881 161 967 Vl,
188 885 202 946 l
236 904 270 946 n.
294 882 389 964 6291,
428 881 483 946 ubi
518 879 698 964 simplicem
734 877 877 943 vocalem
911 877 1019 963 Pighii
1057 875 1192 942 schedae

56 989 222 1074 prodidere,
256 988 310 1053 vel
345 989 412 1055 alia
440 989 491 1052 via
524 987 623 1073 digua
656 989 835 1051 memoratu
868 991 904 1050 ut
937 987 1047 1068 aperte
1076 983 1193 1048 vitiosa

57 1093 340 1161 lllxslllssa'vs
364 1093 648 1161 PIENTISSIIMI
671 1093 749 1158 ibid.
774 1115 803 1177 p.
817 1093 870 1176 94,
888 1093 929 1156 10
953 1091 1068 1174 [laser.
1090 1089 1193 1156 Rhea.

6 1197 9 1206 ’
57 1203 362 1284 Bramb.u.1784].
396 1203 520 1286 733,11
548 1199 598 1284 [C.
617 1201 640 1266 Ι.
660 1199 693 1266 L.
717 1200 749 1264 ll
773 1223 804 1265 u.
823 1199 935 1281 33071.
981 1197 1115 1264 Cessare
1139 1221 1193 1262 au·

57 1328 110 1376 tem
142 1317 192 1376 sat
225 1309 390 1394 frequenti
422 1329 510 1374 more
543 1311 674 1392 recepta
705 1306 751 1371 ΕΙ
784 1306 946 1391 scriptura
977 1310 1046 1372 tum
1079 1305 1195 1390 coepit,

56 1440 115 1484 cum
150 1439 266 1482 rursus
305 1439 390 1482 nova
425 1414 573 1482 doctrina
610 1414 895 1499 grammaticorum
939 1412 1090 1496 invaluit,
1131 1433 1195 1498 qua

57 1525 207 1590 iuberetur
233 1513 249 1585 I
281 1523 373 1604 lmepo
404 1520 566 1605 usurpari,
598 1525 775 1585 ceterarum
805 1523 912 1583 autem
936 1519 1097 1584 vocalium
1121 1541 1193 1604 pro·

57 1631 150 1696 ductio
173 1633 276 1713 apice,
302 1650 397 1714 quem
420 1633 575 1694 emortum
599 1627 789 1710 vocitamus,
811 1627 928 1692 notari.
962 1624 1055 1704 Quod
1072 1627 1194 1692 lactum
1210 1647 1234 1683 ³²

57 1745 97 1801 est
126 1739 209 1803 circa
239 1737 281 1802 D.
307 1737 448 1824 Augusti
480 1741 641 1820 tempora:
680 1755 717 1798 eo
748 1738 856 1798 autem
884 1733 1083 1798 enucleatius
1116 1733 1195 1799 olim

57 1845 288 1930 ‹deceptandum
315 1843 390 1927 erit,
414 1865 477 1928 quo
496 1844 569 1928 plus
594 1841 746 1907 utilitatis
770 1863 808 1906 ex
833 1863 871 1907 eo
891 1841 997 1926 capita
1015 1845 1102 1905 recte
1125 1861 1195 1925 per·

58 1957 180 2017 tractato
204 1953 238 2017 iu
265 1951 478 2038 gravissimas
503 1949 659 2035 quasdam
682 1952 791 2032 partes
817 1947 1047 2034 grammaticae
1075 1947 1195 2012 latinae

58 2059 301 2124 redundaturum
330 2063 388 2124 est.
439 2057 547 2143 Atque
575 2057 628 2122 hic
657 2063 706 2121 cst
738 2057 793 2122 ille
819 2079 910 2140 alren,
943 2055 1033 2121 cuias
1061 2055 1195 2120 mentio·

59 2187 120 2230 nem
138 2189 209 2232 cum
230 2165 394 2230 vocalium
415 2163 635 2249 geminatione
653 2163 890 2240 Quinctiliaaus
910 2163 1049 2228 Scaurus
1064 2161 1196 2248 Longus

60 2273 177 2338 sociant.
232 2273 379 2351 Quorum
412 2271 473 2337 hos
506 2271 572 2336 iam
606 2293 675 2336 csse
708 2270 907 2336 intellectum
940 2269 1067 2336 confido
1099 2270 1195 2355 longe

60 2379 233 2466 diligentius
265 2379 306 2444 de
336 2377 509 2464 geminatis
542 2377 707 2444 vocalibus
731 2399 826 2462 quam
851 2377 1106 2454 Quinctiliaaum
1130 2381 1196 2442 tra·

61 2487 178 2554 didisse:
202 2488 259 2574 qui
281 2509 378 2572 quam
401 2507 467 2551 non
486 2483 632 2550 curiosus
650 2483 765 2550 barum
785 2507 891 2550 rerum
912 2489 1073 2550 seruator
1091 2483 1197 2566 luerit,

62 2595 102 2658 vel
128 2594 202 2661 binc
231 2597 372 2678 apparet
400 2593 483 2677 quod
512 2613 577 2656 nou
605 2591 798 2676 locupletior
829 2591 924 2656 testis
955 2591 993 2656 de
1021 2613 1197 2658 consonan-

62 2702 131 2766 tium
152 2700 377 2788 geminatione
401 2698 537 2764 exstitit.
571 2696 657 2763 Nam
680 2697 764 2763 banc
787 2719 859 2763 cum
888 2697 922 2762 iu
949 2699 1196 2764 consonanti·

63 2807 120 2872 bus
141 2809 336 2890 omuibus,
358 2805 457 2870 etiam
477 2807 575 2869 mulis
595 2804 807 2890 quibuslibet,
830 2805 1016 2890 ignoratam
1034 2826 1104 2869 esse
1123 2809 1198 2872 ante

64 2914 276 2998 geminandi
300 2919 493 2980 auctorem
517 2911 681 2978 Ennium
705 2932 778 2976 cum
802 2911 975 2996 scriptores
995 2913 1199 2978 consentiant

65 3029 120 3085 tum
152 3029 366 3088 monumenta
398 3021 551 3104 clament,
584 3023 694 3084 tamen
720 3017 776 3082 ille
803 3019 842 3084 de
870 3019 942 3084 unis
971 3019 1200 3086 cantuaritae

66 3129 307 3210 geminationem
341 3129 421 3193 olim
453 3127 634 3212 aspernatis
665 3125 817 3210 loquitur.
862 3124 1004 3192 Videant
1036 3125 1137 3212 igitur
1164 3127 1198 3192 in

67 3239 229 3320 posterum,
264 3234 356 3300 cuias
386 3257 421 3300 se
449 3234 524 3298 fidei
557 3233 758 3317 mancipent,
790 3233 845 3318 qui
878 3233 1028 3299 nimirum
1056 3233 1199 3300 Liuianis

68 3339 212 3408 illecebris
236 3342 363 3408 talibus
392 3341 501 3407 oculos
529 3343 657 3405 nostros
686 3338 821 3404 delinire
850 3339 990 3406 animum
1016 3341 1201 3407 induxerint

70 3448 149 3514 valde
171 3449 320 3516 ridicule:
408 3461 414 3468 '

107 3555 166 3622 llut
186 3580 275 3624 nuno
299 3554 463 3642 quoipiam
482 3555 547 3620 alia
570 3557 621 3618 tec
644 3553 709 3620 iloo
726 3553 912 3620 Asiaaticoo
936 3559 1073 3622 omatuu
1097 3557 1199 3622 flrvcas

107 3663 165 3728 lul
187 3663 390 3732 Sardiaanoo
415 3683 452 3728 ao
475 3660 621 3728 Luudioo
645 3661 772 3746 fulgens
795 3661 928 3726 decoorc
953 3665 985 3726 et
1007 3661 1168 3746 glooriaa:

73 3773 215 3852 quomodo
240 3794 282 3838 ne
307 3769 440 3836 Accium
464 3769 593 3854 quidem
617 3769 783 3853 scripsisse
809 3791 882 3833 mox
906 3767 1128 3852 perspicietur.

146 3877 296 3945 Ceterum
315 3877 400 3942 buno
420 3875 492 3962 quis
510 3877 627 3960 credet,
646 3881 819 3960 postquam
838 3873 938 3939 semel
957 3873 997 3938 ad
1019 3873 1080 3940 hoc
1099 3897 1201 3961 genua
1291 3861 1297 3874 ⁸

75 3981 198 4050 animum
222 4007 315 4052 suum
341 3983 529 4070 applicavit,
552 3983 584 4049 in
604 3983 763 4048 vocalium
784 3981 945 4065 scriptura
964 3981 1021 4046 illa
1040 3983 1202 4050 suadenda

76 4091 256 4174 acquievisse
279 4114 339 4157 neo
357 4091 397 4156 ad
421 4091 571 4174 aliorum,
600 4111 681 4174 qaae
705 4089 867 4154 emendari
892 4111 985 4174 possa
1009 4089 1202 4178 viderentur,

78 4198 315 4264 emendationem
338 4219 546 4284 progressum
565 4197 659 4262 esse?
684 4195 768 4282 quod
788 4195 916 4280 quidem
936 4197 968 4262 iu
983 4197 1117 4264 Accium
1136 4223 1201 4266 nou

79 4302 167 4370 uiuus
193 4329 287 4392 quarn
317 4307 349 4372 iu
377 4305 534 4372 Lucilium
566 4305 680 4370 cadero
708 4303 792 4368 volo.
836 4303 950 4390 Itaque
978 4309 1202 4390 percommode

80 4413 105 4470 et
124 4433 234 4496 magua
256 4435 328 4480 cum
353 4410 584 4498 probabilitate
603 4411 642 4476 ad
662 4409 798 4476 eundem
814 4411 946 4478 Accium
970 4415 1099 4500 referes,
1121 4439 1202 4500 quae

81 4533 127 4596 per
150 4517 227 4584 idem
253 4520 321 4584 fere
345 4523 477 4606 tempus
506 4519 536 4584 h.
561 4541 587 4584 e.
616 4517 701 4584 circa
730 4541 849 4584 annum
878 4519 944 4585 620
974 4526 1099 4588 mutata
1132 4545 1203 4588 esse
