3040 5122
385 387 571 435 666666
596 389 843 437 numunianum.
1129 375 1190 440 123

69 530 147 594 semel
169 529 252 596 eirca
275 553 304 596 a.
319 531 384 596 614
409 529 651 608 onnnlsovls
668 567 673 580 ·
689 531 935 600 HOMINIBVS
961 535 1117 620 scriptum
1140 540 1191 601 est

68 637 173 723 inlege
195 635 360 720 Cornelia,
388 639 488 705 semel
511 645 548 704 ut
570 639 697 706 videtur
720 639 873 706 OLLEIS
888 677 895 692 ·
910 641 1098 708 LEGIBVS
1113 677 1120 693 ·
1134 641 1190 708 ln

67 743 144 808 blllS
158 779 164 792 ·
178 743 446 812 REGIONIBVS
468 746 503 812 in
528 747 728 816 dedicatione
753 749 815 814 vici
839 748 1004 814 Furlensis
1028 751 1190 817 annisus

66 873 88 914 6.
103 852 181 918 2488
204 851 257 919 Or.
293 854 378 920 6011
404 853 553 921 Momms.
583 853 632 936 [C.
656 854 680 922 Ι.
703 855 738 922 L.
766 855 932 940 16.603;
970 855 1004 920 P.
1028 855 1063 922 L.
1087 856 1130 922 M.
1153 857 1191 922 11.

66 958 115 1021 tab.
132 957 306 1040 LXXXIII.
353 960 469 1038 Qualia
493 965 602 1027 tamen
621 983 690 1028 esse
715 985 819 1049 pauca
842 963 917 1028 scio.
953 963 1040 1028 Nam
1059 985 1099 1030 ne
1118 964 1191 1048 quis

64 1065 94 1128 de
112 1065 290 1150 antiquiore
313 1071 420 1134 aetate
447 1067 536 1134 tituli
559 1067 768 1136 Laodicensis
792 1071 928 1157 cogitet,
957 1072 1076 1156 quippe
1100 1072 1191 1136 cuius

65 1171 183 1238 similem
211 1177 244 1238 et
266 1179 304 1239 ut
326 1173 453 1238 videtur
480 1177 626 1258 tempore
654 1176 822 1262 aequalem
846 1176 1024 1261 Lyciorum
1051 1178 1192 1262 titulum,

65 1280 107 1362 qui
128 1285 174 1345 est
198 1281 232 1346 in
256 1279 291 1346 C.
314 1279 339 1346 I.
363 1279 417 1346 Gr.
441 1303 471 1346 n.
490 1281 579 1348 5880
604 1281 651 1364 [0.
675 1282 700 1350 L
723 1282 758 1350 L.
781 1284 797 1349 I
820 1307 851 1350 n.
871 1284 965 1370 5891,
997 1284 1038 1350 ad
1070 1307 1191 1352 annum

64 1385 212 1452 6166686
240 1385 379 1454 Ioannes
403 1387 556 1454 Francius
580 1411 611 1474 p.
631 1391 694 1456 168
722 1391 899 1474 rettulerit,
930 1391 1025 1457 facile
1056 1399 1193 1477 apparet

63 1493 230 1576 peritiorem
255 1516 390 1581 graecae
413 1495 505 1561 illum
525 1518 621 1580 quarn
647 1497 768 1563 letinae
787 1497 1011 1584 epigraphiccs
1032 1499 1191 1566 arbitrum

63 1601 153 1666 luisse.

134 1707 257 1784 Quarto
281 1709 351 1776 loeo
375 1709 452 1775 nolo
476 1709 607 1775 silentio
625 1709 702 1775 Aul
725 1709 964 1798 diphthongum
988 1714 1192 1796 praetermit-

62 1819 125 1898 tere,
146 1815 214 1881 siva
236 1815 488 1902 tripbthongum
512 1817 676 1901 appellare
700 1817 809 1883 males.
844 1815 892 1882 De
917 1840 981 1903 qua
1004 1819 1066 1884 6161
1089 1819 1194 1884 molta

62 1919 112 1988 dici
132 1945 197 1988 non
220 1929 368 2009 possunt,
391 1945 463 1990 cum
482 1923 668 1990 rarissimus
688 1925 755 1990 eius
774 1947 851 1990 usus
871 1925 926 2010 sit,
949 1929 1059 1992 tamen
1078 1929 1114 1992 ut
1134 1949 1193 1992 nec

61 2027 112 2092 soli
137 2031 225 2096 casui
258 2031 310 2098 vel
340 2031 441 2096 errori
470 2031 615 2096 tribuam
647 2053 705 2096 nec
738 2031 825 2098 ultra
857 2030 1019 2098 modicum
1051 2033 1193 2118 spatium

61 2137 166 2204 ssean
189 2138 319 2224 septimi
344 2139 522 2224 porrigam,
546 2137 627 2204 illud
650 2161 701 2203 me
725 2143 847 2222 movet,
879 2139 963 2222 quod
987 2139 1052 2204 alia
1075 2141 1109 2204 in
1130 2139 1193 2206 hoc

61 2263 163 2325 genere
185 2266 271 2310 nova
295 2245 379 2310 circa
398 2245 430 2310 id
449 2249 578 2330 tempus
598 2245 783 2310 introducta
802 2251 878 2310 sunt
895 2268 962 2312 non
980 2247 1111 2314 aliunde
1130 2249 1193 2313 nisi

61 2355 175 2416 ecerta
196 2351 368 2436 disciplina
397 2352 611 2437 grammatIca
640 2353 828 2437 repetenda,
861 2375 943 2438 quae
971 2353 1101 2439 quidem
1128 2377 1193 2421 666

61 2455 178 2524 durasse
199 2459 286 2524 ultra
309 2458 451 2524 medium
475 2460 638 2524 saeculum
662 2457 797 2526 videam,
844 2459 952 2546 Atque
975 2461 1071 2544 longe
1095 2463 1193 2546 aptis·

63 2563 178 2649 sinum,
200 2566 286 2651 quod
311 2567 382 2632 edm
401 2564 785 2654 oonovnnlslvnm
805 2573 1020 2653 comparetur,
1043 2567 1124 2633 illud
1144 2573 1194 2635 est

62 2670 133 2751 qnod
156 2693 238 2738 anno
263 2673 328 2738 613
357 2670 603 2739 canlclulvs
631 2677 800 2739 exaratum
828 2679 879 2738 661
906 2673 940 2738 16
962 2671 1194 2742 Patavinorum

62 2775 335 2864 Atestinorumque
359 2779 466 2865 lapide
490 2803 510 2846 a
532 2779 558 2844 F
560 2780 722 2846 urlanetto
745 2778 851 2844 Musei
870 2779 939 2844 Est.
958 2801 988 2862 p.
1003 2779 1044 2844 29
1065 2785 1098 2846 61
1116 2781 1194 2866 bap.

63 2882 119 2948 l'at.
140 2907 171 2969 p.
190 2887 230 2952 18
255 2887 420 2972 publicato
427 2937 435 2972 ,
459 2889 609 2952 enarratu
634 2889 742 2950 autem
767 2907 786 2950 6
807 2883 987 2968 BorghesIo
1006 2884 1094 2952 Diar.
1117 2887 1222 2954 16616

63 2989 136 3054 areb.
158 3014 185 3058 a.
211 2993 297 3058 1833
325 3017 355 3078 p.
382 2993 445 3058 103
476 2993 523 3074 [0.
550 2992 574 3059 l.
598 2991 632 3056 L.
655 2991 671 3058 Ι
698 2991 836 3074 6541,
872 2991 907 3056 P.
935 2990 969 3056 b
997 2992 1040 3058 M.
1064 2993 1101 3059 Ε.
1129 2994 1195 3062 tab.

64 3094 141 3162 LVII
159 3099 202 3184 A,
234 3097 344 3166 LVIII
365 3099 444 3180 Abs.
490 3099 560 3176 066
585 3099 706 3165 accedit
729 3121 746 3164 6
769 3085 901 3164 nummo
925 3095 1056 3166 Cassiae
1079 3102 1197 3188 gentle,

65 3207 234 3272 vetustioris
259 3211 294 3273 ut
317 3207 468 3273 credibile
488 3211 540 3274 est
557 3206 798 3274 consuetudinis
818 3211 1055 3290 conservatore,
1078 3209 1195 3276 onul-

65 3307 190 3380 t'lrlNus
216 3335 412 3400 cognomen,
449 3314 534 3399 apud
561 3313 833 3399 Havercampium
862 3336 892 3398 p.
912 3315 968 3399 18,
1004 3315 1195 3382 Eelsbelium

66 3435 89 3496 p.
107 3419 176 3503 165,
207 3419 352 3486 Ricciurn
375 3420 441 3486 tab.
461 3419 538 3505 XII,
562 3423 582 3486 6
612 3419 702 3508 (narn
732 3420 766 3484 in
794 3421 1035 3487 commentariis
1059 3444 1089 3506 p.
1112 3424 1194 3488 491

66 3517 190 3590 litteram
211 3523 380 3612 neglexit),
404 3528 502 3607 [nunc
526 3527 559 3592 in
582 3526 617 3592 0.
636 3527 660 3592 Ι.
674 3526 709 3591 L.
733 3527 748 3592 Ι
772 3549 802 3592 6.
817 3527 906 3608 3181.
943 3527 1068 3604 Quibus
1091 3551 1194 3595 exem-

67 3627 120 3710 plis
138 3632 278 3698 addItum
302 3656 322 3699 a
343 3632 532 3700 Fnrlanetto
552 3657 569 3698 6
589 3635 685 3718 longe
703 3633 895 3718 posterioris
914 3635 986 3700 aevi
1001 3634 1197 3702 Gruteriana

68 3737 383 3821 p.44,2(3AE1L10
408 3763 506 3826 quam
529 3739 625 3805 fidem
648 3739 778 3824 babeat,
798 3739 1034 3826 incompertum
1059 3739 1173 3826 est**)

139 3843 239 3912 Venio
254 3845 296 3912 ad
310 3845 520 3912 POPLICVS
538 3847 677 3912 formam
692 3851 744 3912 sat
758 3849 901 3910 remotae
916 3846 1034 3912 aetatis
1048 3845 1197 3934 indicem,

69 3945 179 4034 eiusque
201 3975 268 4019 non
288 3953 394 4018 dubiis
408 3953 528 4020 finibus
548 3953 760 4020 areeentiore
781 3952 1013 4018 consuetudine
1028 3953 1195 4022 discretae.

74 4071 263 4088 -ῌ--α-η

142 4147 164 4212 *l
182 4145 264 4214 [Vide
282 4144 357 4202 infra
375 4163 402 4216 p.
422 4153 453 4202 21
476 4149 557 4216 (66),
596 4147 625 4202 6.
645 4146 703 4218 6.]

128 4235 163 4298 “l
182 4233 234 4304 [01.
253 4235 350 4292 Enarr.
370 4237 388 4293 l.
403 4237 422 4292 l.
448 4254 473 4307 p.
490 4243 521 4292 61
548 4241 576 4292 61
599 4237 690 4292 Musei
708 4235 796 4290 11666.
820 4239 840 4290 1
860 4235 938 4290 XXII
963 4241 1057 4306 6611
1083 4237 1197 4306 (Opuso.

73 4312 220 4392 1416116),
238 4325 287 4382 nbi
306 4325 416 4382 6111111
425 4325 596 4384 Ritscbelius
615 4343 689 4382 nova
707 4325 790 4381 buius
805 4327 958 4397 scripturae
974 4326 1196 4396 exemplatam:

73 4401 203 4467 CdIllCltoe
219 4413 296 4470 tituli
314 4415 433 4486 Hispani
451 4415 491 4485 (C.
513 4417 533 4472 I.
556 4416 583 4470 [ι.
604 4415 614 4469 l
635 4433 660 4470 n.
679 4417 756 4480 1418)
777 4418 805 4470 61
819 4413 1024 4471 CAEICILIVS
1045 4415 1073 4470 in
1090 4414 1197 4468 tabella

74 4490 167 4554 6666
183 4500 317 4561 Maiorem
336 4505 376 4576 (o.
395 4507 415 4564 s
434 4505 464 4564 n.
483 4507 495 4560 1
515 4525 540 4562 n.
558 4509 645 4574 666.
683 4505 712 4561 0·
731 4505 786 4576 Wl
