3108 5142
391 415 561 489 sonestur
585 413 729 464 asssvnr
753 413 898 492 course.
1176 395 1220 460 29

93 575 164 624 urus
197 557 300 624 cadat
354 555 422 622 Nec
461 558 566 624 minus
604 557 756 644 languere
794 571 1139 622 Aouorssr1·rrnrra
1171 555 1221 620 val

93 683 223 731 cramus
247 665 403 750 sentietis,
426 665 497 750 peri
520 665 648 750 quidem
666 685 800 730 numero
820 665 1014 746 litterarum,
1036 661 1133 726 nimis
1157 658 1220 726 dis·

90 773 175 838 simili
193 771 295 838 initio.
327 757 413 838 Nam
428 771 569 856 aliquam
584 775 670 836 certe
689 770 911 836 similitudinis
930 768 1070 854 speciem
1091 789 1221 834 serran-

91 879 155 944 dum
171 901 242 944 esse
261 877 360 944 iidem
378 899 439 943 nos
458 877 688 963 intellegimus,
710 877 765 962 qui
780 899 858 942 sune
873 898 947 942 curn
960 876 994 940 in
1008 897 1037 940 v.
1050 875 1090 939 13
1105 879 1174 940 tnnr
1188 873 1222 940 in

90 987 163 1050 bunc
175 1007 304 1050 versum
319 983 478 1068 imprimis
493 983 601 1049 valere
613 983 704 1048 illam
715 981 968 1048 admonitionem
978 981 1148 1064 voluimus,
1158 1003 1222 1067 qua

89 1092 254 1158 cavendnm
277 1112 348 1156 esse
371 1091 509 1156 diximus
532 1111 573 1155 ne
595 1089 635 1154 de
654 1089 694 1154 iis
708 1088 851 1174 lapidum
870 1087 1028 1173 partibus,
1050 1109 1130 1173 quas
1153 1087 1292 1152 siuexm

88 1205 259 1284 tenpomm
282 1199 349 1264 sire
372 1197 540 1264 bominum
563 1195 682 1264 iniuria
705 1197 844 1262 corrosit
870 1199 927 1260 aut
949 1193 1093 1278 detrivit,
1124 1193 1222 1258 nimis

89 1305 150 1370 fidei
171 1307 349 1392 legentium
373 1325 411 1370 ac
432 1304 719 1370 transcribentium
738 1301 935 1369 testimoniis
954 1301 1005 1368 uel
1021 1301 1131 1386 potius
1150 1322 1222 1366 con·

88 1411 205 1478 iecturis
228 1412 406 1478 tribuatur:
429 1411 548 1496 quippe
571 1411 653 1476 tales
676 1410 802 1494 lspidss
821 1411 1013 1495 quicumque
1032 1407 1134 1476 oculis
1153 1429 1222 1472 urn-

87 1539 172 1602 quam
189 1519 359 1602 tractarit,
382 1539 441 1584 suo
461 1521 612 1602 expertus
632 1519 779 1602 exemplo
798 1519 890 1584 novit
908 1539 1006 1602 quam
1030 1517 1074 1580 sit
1091 1515 1223 1581 difficile

87 1627 122 1689 ab
142 1625 271 1690 heolin
295 1625 504 1710 apicibusque
526 1645 604 1690 casu
629 1625 709 1690 ortis
736 1624 864 1690 residua
890 1624 1077 1708 fragmenta
1099 1623 1222 1686 littera·

86 1753 147 1796 rum
160 1731 344 1798 discernere
358 1753 416 1796 nec
432 1729 578 1796 rimando
592 1729 644 1794 rel
658 1729 825 1796 nolentem
839 1729 1003 1796 hariolari.
1026 1727 1141 1812 Itaque
1150 1749 1222 1796 cum

86 1839 235 1904 incertum
259 1857 284 1904 Η
312 1839 357 1904 sit
383 1843 458 1904 aute
482 1853 526 1904 oc
556 1837 686 1904 litteras
709 1837 842 1921 lectum,
864 1836 1003 1902 fortusse
1026 1855 1092 1900 non
1115 1835 1223 1918 inepte

86 1946 226 2012 conicias
239 1963 307 2012 vos
320 1981 329 1997 ·
344 1963 381 2011 rs
395 1979 403 1996 ·
418 1961 624 2011 saevncnso
639 1979 646 1994 ·
661 1961 789 2010 rocea-
806 1965 932 2008 creusa
946 1977 953 1992 ·
968 1959 1136 2007 susurra
1169 1939 1223 2006 Sic

86 2049 130 2118 Sic
151 2053 295 2118 carmine
319 2051 492 2139 sepulcrali
510 2050 730 2138 Anthologiae
752 2051 837 2115 1450
860 2048 908 2116 ed.
926 2049 1048 2134 Meyer.
1071 2048 1222 2114 defuncto

86 2164 214 2242 patrono
237 2159 388 2225 libertus:
411 2157 529 2224 ossibus
551 2157 719 2238 insuendam
736 2177 814 2238 queue
831 2177 1002 2238 numquam
1020 2157 1094 2220 uiuo
1113 2155 1223 2220 bibisti.

83 2264 199 2332 Ibidem
224 2287 324 2332 carm.
336 2265 434 2330 1439:
456 2268 550 2345 utque
562 2263 629 2328 surb
642 2263 786 2328 manuus
798 2263 888 2344 flores
901 2262 979 2327 mibi
991 2263 1122 2344 uinoque
1134 2283 1223 2343 suque

83 2373 222 2452 fundum.
274 2371 321 2438 nt
345 2371 444 2438 1139:
477 2372 548 2436 uiuo
580 2391 738 2454 eousperpc
763 2371 944 2453 sqmlcmm.
990 2367 1038 2434 cf.
1065 2369 1163 2434 1312:
1195 2369 1224 2433 si

82 2485 180 2561 paco
201 2479 293 2544 tono
306 2497 345 2556 es,
362 2477 462 2554 misce,
481 2475 552 2560 bite,
576 2477 618 2542 do
632 2477 684 2542 mi.
713 2476 835 2542 Verum
855 2476 1024 2562 aliquanto
1043 2473 1222 2540 consultius

85 2605 192 2650 novam
207 2585 296 2652 viam
310 2583 394 2650 banc
408 2583 497 2648 ineas
515 2587 553 2646 ot
566 2587 696 2648 servato
715 2599 784 2648 noc
803 2583 854 2648 vel
874 2601 917 2648 un
931 2617 939 2634 ·
955 2603 1105 2646 suasura
1119 2615 1126 2630 ·
1142 2597 1223 2644 suu·
1255 2569 1257 2576 ’

85 2711 160 2756 uma
188 2691 239 2758 uel
263 2709 308 2756 sn
323 2725 330 2740 ·
347 2711 511 2763 cesseras
524 2725 531 2740 ·
546 2707 655 2754 solun
683 2688 732 2754 vel
757 2705 1118 2754 br'cr71·ur·eBD1TE
1148 2709 1220 2772 pro·

83 2820 188 2882 ponas.
221 2797 315 2864 Nihil
333 2797 369 2862 in
388 2797 605 2862 monumentis
625 2795 859 2880 sepulcrslibus
878 2795 1079 2880 frequentius
1102 2793 1222 2858 talibus

84 2907 186 2988 qualia
208 2906 289 2971 baec
313 2909 402 2970 sunt:
425 2905 467 2970 do
479 2904 660 2987 quietemque
678 2902 752 2984 lepis
769 2901 858 2984 aetus
879 2900 975 2966 dnth.
987 2901 1080 2984 1244,
1098 2901 1224 2982 quisque

85 3011 269 3094 moderes
289 3013 384 3096 1164,
406 3013 461 3095 qui
483 3011 556 3094 lepis
677 3009 839 3074 mimum
860 3008 938 3090 sutis
959 3007 1224 3091 stupendumque

84 3113 1224 3203 mes1340,umoasumuvomdau1387,mmeqmrumr

86 3223 240 3292 mmmm?
267 3223 361 3290 1352.
397 3221 510 3310 Neque
533 3245 610 3290 vero
633 3221 780 3306 exempla
803 3220 920 3286 desunt
941 3241 1024 3306 quse
1043 3219 1076 3284 in
1095 3223 1221 3286 contra·

86 3332 160 3398 nam
182 3337 309 3418 partem
327 3328 469 3412 valant,
491 3332 528 3394 ut
547 3329 667 3394 ibidem
684 3329 784 3393 1341:
808 3327 978 3392 Desinite
1003 3327 1095 3405 luctu,
1117 3333 1223 3410 questu

87 3439 232 3505 benemar
247 3439 386 3522 suendae,
408 3435 446 3502 Si
463 3436 498 3500 iu
510 3437 576 3500 cito
593 3436 728 3500 iucirudo
746 3456 783 3500 oc
803 3434 953 3517 votieptoti
968 3435 1019 3516 fui
1034 3435 1133 3518 Vobis,
1154 3437 1222 3499 uiro

88 3549 168 3626 atque
189 3545 298 3610 amieis
320 3545 459 3626 cousque
481 3542 622 3608 omuibus
651 3541 711 3629 (sic
734 3541 821 3606 enim
844 3540 927 3606 haec
948 3561 1020 3605 cunr
1044 3539 1222 3606 Schradcro

88 3651 334 3717 reconcinnunda
356 3648 515 3736 inerunt);
539 3649 624 3714 idem
642 3649 740 3714 1344:
764 3647 827 3713 Sed
847 3649 994 3730 quonium
1016 3648 1108 3711 multi
1131 3649 1222 3712 tutem

88 3776 195 3823 cessem
214 3759 362 3842 dotorem
388 3757 453 3822 Nec
474 3757 638 3839 quisquam
665 3755 717 3820 teti
743 3757 860 3820 uincere
886 3755 950 3820 cim
967 3755 1086 3836 potuit:
1113 3753 1222 3820 Desi-

88 3865 157 3928 nite
177 3867 343 3931 eetindum
360 3864 461 3930 dulces
479 3885 527 3928 me
543 3863 615 3946 llere
627 3867 781 3946 pareretur,
804 3861 975 3927 Desinite
997 3865 1025 3924 et
1040 3861 1102 3942 foti
1119 3861 1222 3924 tru’stio

90 3969 155 4034 iuro
171 3974 270 4053 queri·
293 3970 347 4036 vel
366 3969 447 4036 satis
466 3969 592 4034 uitiosis
612 3969 758 4035 versibus
777 3967 929 4032 carminis
950 3967 1049 4032 1421:
1075 3967 1222 4050 Tempera

91 4075 148 4138 iom
167 4080 281 4158 positor
309 4078 462 4156 truimis,
495 4081 586 4158 tuque
612 4078 729 4158 optineo
755 4079 854 4140 mater
876 4073 1014 4139 Desine
1042 4075 1106 4140 ium
1133 4075 1222 4158 flere:

88 4199 209 4260 merom
227 4205 289 4250 ocu
311 4185 409 4252 secutio
431 4185 555 4260 mortis·
579 4182 686 4248 Poeua
707 4183 771 4264 fuit
792 4182 870 4265 cito,
892 4183 1010 4266 requies
1033 4181 1111 4246 mitri
1127 4187 1223 4246 morte

90 4295 197 4366 formo
215 4297 263 4358 est
294 4291 341 4356 nt
363 4289 448 4376 apud
462 4288 620 4356 Orellium
637 4289 740 4354 4829:
765 4287 901 4353 Desine
925 4289 989 4353 ium
1011 4293 1109 4352 motu
1132 4289 1221 4352 toni·

95 4395 147 4460 uis
167 4417 304 4464 reuocare
320 4398 488 4481 querellas:
511 4397 655 4480 Namque
672 4396 758 4460 detor
776 4395 849 4460 ears
867 4417 929 4460 uou
948 4396 1003 4460 tibi
1016 4395 1140 4477 coutrpit
1157 4395 1222 4460 urii.

96 4495 186 4566 Vides
207 4504 258 4570 nbi
280 4505 425 4572 desinere
448 4505 553 4570 luctas
577 4504 721 4588 iubetur,
749 4509 868 4570 certam
897 4525 1045 4568 caussam
1073 4501 1221 4566 inusitati
