2972 5120
334 365 398 429 54ss
573 383 715 431 I'RISCAE
739 383 966 431 LATINITATIS
989 383 1238 431 EPIGRAPHICAE

333 527 399 588 iam
426 526 504 590 fasc.
532 526 581 589 III
609 549 640 610 p.
664 526 745 590 XIII
769 527 848 606 [530
867 529 926 611 sq.]
956 526 1156 610 disputatum
1184 530 1241 607 est,
1271 525 1322 590 ubi
1345 548 1427 588 vernn

332 632 503 696 lectionem
527 633 725 698 firmavimus
749 656 830 717 quae
854 638 905 698 est
928 632 1076 698 MENSE
1092 669 1098 681 ·
1113 633 1331 698 quentas.

420 955 529 1018 Tertio
554 955 626 1018 loco
646 958 711 1017 tres
731 955 823 1018 licuit
846 959 1015 1018 tesseras
1040 950 1290 1038 gladiatorias
1311 971 1433 1034 promere.

333 1083 468 1144 quarum
501 1082 558 1140 eae
591 1083 673 1144 quae
706 1061 765 1124 sub
795 1060 822 1124 0
851 1065 884 1124 et
914 1063 949 1124 Ε
970 1060 1156 1124 conlocatae
1190 1063 1261 1123 sunt
1290 1058 1322 1120 in
1349 1054 1434 1118 tabula

331 1172 445 1231 nostra
472 1166 697 1253 lithographa,
730 1167 834 1230 lucem
864 1168 949 1252 quod
980 1168 1119 1231 sciamus
1146 1166 1286 1230 nondum
1311 1163 1435 1232 videmnt

330 1272 430 1336 tertia
443 1272 486 1354 D,
510 1294 591 1356 quae
611 1277 661 1336 est
679 1273 782 1336 musei
795 1272 989 1356 Britannici,
1013 1295 1052 1337 ex
1075 1277 1167 1356 parte
1186 1274 1308 1336 tantum
1326 1269 1436 1334 innotuit

224 1441 228 1451 ,
331 1378 452 1442 Osanni
477 1379 596 1442 virtute
615 1378 648 1441 in
663 1378 688 1441 F
691 1377 864 1443 leckeiseni
880 1379 994 1443 Annal.
1008 1378 1121 1462 philol.
1140 1384 1162 1444 t.
1178 1376 1326 1442 LXXVII
1343 1377 1437 1439 altis

330 1507 360 1567 p.
380 1486 441 1548 651
450 1536 458 1567 ‚
491 1505 585 1568 quem
612 1507 677 1549 non
706 1485 813 1568 potuit
840 1507 906 1550 non
934 1486 1024 1568 sequi
1047 1485 1264 1549 Mommsenus
1292 1480 1325 1546 C.
1345 1481 1368 1545 I.
1386 1478 1437 1543 ch

330 1613 361 1672 p.
376 1591 441 1655 200
464 1614 495 1655 n.
511 1592 583 1656 775.
620 1591 671 1655 Ea
694 1592 795 1675 igitur
818 1591 871 1670 [cf.
890 1591 1016 1655 Ritschl
1038 1591 1126 1656 Tess.
1145 1590 1229 1675 glad
1252 1611 1283 1653 n.
1298 1589 1337 1652 23
1357 1588 1439 1668 ibique

329 1697 395 1760 tab.
415 1697 496 1776 IK]
521 1720 585 1761 uno
608 1719 692 1761 nunc
716 1719 810 1760 versu
834 1697 992 1780 integrior
1018 1696 1128 1780 prodit
1154 1696 1188 1760 in
1210 1694 1293 1760 hanc
1320 1695 1441 1779 speciem:
1476 1765 1477 1774 χ

664 1863 1133 1929 ANTIOCVS

718 1975 1064 2080 samsom

665 2126 1132 2231 sonorosus

329 2493 484 2568 Quartum
510 2495 594 2558 enim
618 2500 760 2560 tesserae
785 2496 869 2559 latus
893 2501 1024 2578 praeter
1042 2494 1320 2577 exspectationem
1337 2513 1441 2558 vacum
1476 2527 1477 2538 .

330 2602 503 2685 scriptura,
537 2602 628 2666 valde
662 2602 693 2665 id
724 2604 852 2686 quidem
885 2602 1043 2686 singulari
1071 2602 1230 2686 exemplo,
1264 2599 1443 2686 apparuitiu
1476 2631 1477 2654 1

256 2737 315 2774 vm
330 2709 475 2792 exemplo
500 2729 650 2793 gemmeo
675 2708 857 2794 (carissima
884 2709 981 2772 hodie
1009 2707 1203 2792 appellant),
1231 2709 1319 2792 quod
1341 2709 1443 2772 interr-e-

330 2815 425 2878 dente
448 2821 555 2880 vetere
580 2821 674 2900 atque
699 2817 833 2900 antiquo
862 2816 966 2878 amico
992 2813 1161 2879 Waltero
1185 2814 1307 2900 Perry
1337 2831 1443 2897 maeones

328 2921 377 2984 vir
401 2923 604 2987 auctoritatis
629 2922 844 2986 Guilelmus
867 2921 1050 3005 Forsyth,
1073 2921 1128 3004 qui
1152 2919 1388 2986 Britanniamm
1405 2917 1442 2979 lle
1476 2903 1477 2924 ³

329 3029 423 3110 ginae
448 3053 467 3092 a
491 3030 635 3094 consiliis
660 3035 724 3111 est,
748 3051 819 3092 rnea
842 3028 948 3114 gratia
972 3051 991 3090 a
1010 3028 1213 3092 curatoribus
1232 3031 1337 3094 musei
1358 3027 1443 3091 htere

328 3134 403 3196 liter
428 3135 489 3198 sibi
514 3159 700 3200 concessam
724 3139 837 3200 nactus
861 3139 921 3198 est.
962 3134 1006 3197 ut
1030 3135 1196 3199 consimile
1220 3137 1349 3218 quidem
1366 3153 1442 3197 eren·
1476 3127 1477 3182 ἒ

256 3277 257 3280 =
327 3239 416 3321 plura
441 3243 633 3306 omissorum
658 3242 826 3305 consulum
850 3246 957 3305 exstat
981 3263 1067 3324 sane,
1097 3264 1296 3326 quamquam
1320 3239 1441 3308 nnumin

327 3349 420 3408 tanta
457 3352 652 3412 tesserarum
690 3349 909 3412 multitudine:
947 3348 1033 3432 quod
1066 3351 1116 3411 est
1149 3346 1353 3414 Guascanum
1381 3343 1442 3410 illul.
1476 3331 1477 3348 ¹

327 3451 526 3535 publicatum
554 3456 588 3518 in
618 3456 736 3519 ‘Musei
766 3453 944 3538 Capitolini
977 3457 1042 3518 ant.
1071 3454 1178 3519 inser?
1205 3455 1345 3539 (Romae
1373 3453 1441 3516 edio<

327 3581 354 3621 a.
377 3561 461 3623 1775
481 3562 542 3646 sq.)
566 3564 626 3626 vol.
646 3563 679 3626 II
702 3587 732 3646 p.
752 3563 810 3626 ot:

662 3730 1127 3803 mmmmrmme

634 3841 1157 3947 'effimraffir”*

663 3991 1157 4097 reuulsam·

326 4359 446 4424 Verum
467 4385 504 4425 ea
523 4367 656 4446 tessera,
671 4384 866 4444 quamquam
882 4361 1062 4444 Borghesio
1083 4361 1221 4444 quidem,
1240 4359 1326 4443 quod
1343 4357 1435 4420 miuu-

324 4489 388 4530 non
413 4473 563 4550 suspecta
588 4468 692 4532 Diarii
713 4469 828 4532 Arcad.
852 4473 875 4530 t.
894 4466 967 4529 LIV
993 4491 1022 4550 p.
1042 4469 1082 4530 (il
1106 4466 1171 4550 (vel
1189 4466 1331 4550 Operum
1352 4461 1401 4526 vol.
1415 4453 1433 4516 Il
