3020 5118
387 375 644 426 conusnrsrro
668 377 816 424 111111.
1117 359 1178 422 211

46 512 311 580 Trameaainorum
341 521 450 582 autem
479 518 626 583 tabulam
655 519 744 584 brevi
775 517 931 602 temporis
955 518 1063 600 spatio
1087 518 1183 582 iuter·

46 621 117 684 iecto
140 621 243 686 altere
268 623 425 706 quaedam
449 627 576 710 excepit
603 627 681 690 item
710 624 962 710 chalcographa,
990 646 1107 690 novam
1131 647 1183 690 co-

45 727 158 792 lumnae
181 729 323 812 figuram
347 731 503 798 exhibens
526 755 591 797 non
617 733 722 798 minus
745 732 897 797 ficticium
926 753 1084 796 unacum
1109 731 1183 794 sub·

44 835 114 899 lecto
144 835 176 898 in
201 835 276 902 basi
305 839 400 902 titulo
428 839 539 923 paullo
568 839 664 904 aliter
692 840 856 924 suppleto:
886 861 968 922 quae
996 839 1109 902 tabula
1142 837 1182 902 ab

45 941 174 1007 11111111
199 942 379 1010 Lafrcrio
409 950 525 1028 parate
548 945 670 1030 ltomae
698 946 820 1030 prodiit
842 967 926 1010 anuo
953 947 1051 1010 1575:
1089 945 1183 1010 nobis

44 1049 159 1132 quidem
183 1073 250 1116 uno
275 1051 422 1136 exemplo
446 1053 586 1137 cognita,
610 1053 695 1138 quod
719 1051 931 1136 bybliotheca
951 1053 1041 1136 regia
1062 1051 1184 1116 Beroli·

44 1157 140 1222 nensis
173 1163 296 1224 servat.
345 1158 428 1224 Eam
456 1159 490 1223 in
520 1159 709 1224 ‘Annalium
738 1159 975 1254 Rornanorum'
1004 1165 1129 1224 tomum
1152 1159 1183 1223 II

44 1261 130 1344 launo
157 1262 291 1328 demum
323 1265 406 1330 1615
434 1265 467 1330 in
497 1267 601 1332 lucem
631 1265 810 1354 proditum)
842 1267 1026 1352 Stephanus
1049 1267 1184 1352 Pighius

45 1369 191 1445 [mortuus
211 1370 240 1434 is
261 1371 327 1436 iam
354 1395 382 1437 a.
400 1371 499 1458 1604)
522 1373 644 1457 recepit
667 1397 697 1458 p.
717 1375 769 1458 25,
793 1375 848 1438 sed
872 1375 956 1440 idem
981 1375 1022 1440 ad
1046 1375 1184 1440 redinte-

46 1477 189 1559 grandum
205 1501 236 1561 p.
247 1479 294 1542 26
307 1479 439 1544 titulum
458 1479 780 1546 et'l'ramezzinorum
800 1481 914 1546 tabula
933 1505 1008 1546 usus
1028 1487 1061 1546 et
1084 1487 1185 1546 trans-

43 1582 130 1649 misso
157 1585 223 1650 sibi
249 1607 270 1650 a
294 1583 430 1650 Nicolao
454 1585 619 1652 Florentio
644 1586 769 1652 Batavo
799 1587 946 1671 exemplo
970 1587 1071 1670 ipsius
1095 1587 1183 1652 tituli

44 1689 250 1776 chirographo
276 1697 324 1774 et,
351 1693 435 1775 quod
459 1693 587 1777 quidem
612 1694 811 1778 dissimulat,
834 1694 927 1758 novis
952 1693 1184 1778 supplementis

46 1797 118 1862 Petri
141 1797 349 1864 Ciaoeonii
371 1799 530 1866 Toletani.
564 1801 726 1867 0111111111
747 1801 830 1866 enim
851 1801 929 1888 (iam
953 1801 1081 1866 albiti
1103 1821 1185 1864 mor-

45 1904 96 1984 tui)
114 1903 161 1968 ‘ln
177 1905 352 1970 columnae
373 1911 534 1972 rostratae
553 1907 798 1992 inscriptionem
818 1931 837 1972 a
856 1931 891 1972 se
910 1908 1094 1974 coniectura
1113 1928 1185 1989 sup·

45 2009 151 2091 pletam
175 2012 367 2096 explicatio’
391 2014 531 2098 primum
554 2015 677 2100 prodiit
696 2015 817 2079 Romae
837 2037 865 2078 a.
883 2017 976 2097 1586,
1001 2015 1118 2080 iterata
1136 2018 1186 2076 est

45 2115 238 2200 eiusdemque
262 2115 427 2184 Ciacoonii
446 2119 605 2186 Sallustio
626 2121 890 2206 Raphelengiano
914 2121 1087 2186 subiuncta
1102 2119 1184 2204 Lug-

46 2221 110 2286 duni
132 2221 336 2290 Batsvorum
359 2249 387 2292 a.
411 2227 492 2292 1591
518 2229 629 2312 (quam
654 2229 828 2294 editionem
845 2227 1005 2292 Graevius
1030 2225 1187 2310 expressit

46 2325 128 2394 Thes.
151 2335 216 2395 eut.
241 2330 337 2396 Rom.
360 2337 382 2396 t.
402 2331 449 2397 IV
473 2357 503 2418 p.
526 2336 610 2400 1809
627 2333 724 2419 sqq.)‚
747 2335 879 2398 tertium
902 2333 1043 2417 repetita
1064 2331 1186 2396 Romae

48 2455 68 2495 1.
93 2435 180 2501 1608.
237 2437 354 2522 Itaque
382 2461 399 2502 e
429 2438 591 2504 Oiaceonii
620 2463 718 2525 opera
746 2445 874 2524 praeter
903 2439 1056 2525 Pighium
1087 2437 1186 2502 etiarn

48 2538 141 2606 Iustus
159 2541 318 2628 Lipsius
342 2546 496 2628 proficere
517 2549 634 2631 potuit.
668 2548 699 2612 Is
719 2549 803 2612 enim
823 2569 895 2612 eum
914 2548 980 2612 iam
1000 2543 1186 2610 11111568

49 2643 155 2712 ltomae
178 2673 198 2714 a
223 2673 258 2714 se
284 2653 517 2736 transcriptum
542 2655 674 2718 titulum
695 2654 728 2718 in
744 2652 975 2736 ‘Antiquarum
1001 2649 1187 2715 lectionum'

49 2751 126 2818 libris
154 2753 215 2840 (ll,
243 2755 315 2840 14),
346 2779 457 2822 verum
490 2781 554 2824 non
588 2760 766 2842 integrum,
804 2758 959 2823 edidisset
990 2755 1187 2838 Antverpiae

51 2879 72 2920 1
91 2861 168 2925 1515
191 2862 399 2946 paucissimis
429 2865 621 2950 quibusdam
650 2865 769 2931 litteris
800 2865 998 2948 suppletum,
1032 2863 1186 2928 tredecim

51 2969 113 3044 post
141 2969 232 3034 annis
268 2972 301 3034 et
331 2970 490 3055 integrius
523 2971 707 3056 exemplum
735 2971 905 3056 proposuit
932 2971 966 3036 in
994 2969 1071 3034 anni
1102 2970 1186 3034 1588

53 3066 281 3140 ε1111111110
306 3074 420 3141 8111111
446 3077 672 3162 inscriptiones
697 3076 963 3162 1111,111511111
982 3077 1076 3140 novis
1101 3075 1187 3138 euris

52 3179 284 3246 reconcinnatae
304 3183 524 3266 inscriptionis
542 3186 724 3268 exemplum
740 3185 879 3250 alterum
895 3183 1027 3248 adiecit:
1050 3203 1187 3266 quorum

54 3279 103 3346 hoc
124 3287 252 3353 transiit
276 3287 310 3352 in
329 3287 502 3354 Graeviani
527 3291 698 3357 voluminis
718 3291 765 3356 IV
789 3315 819 3375 p.
841 3293 935 3374 1831,
958 3295 1129 3372 utrumque
1154 3290 1187 3353 in

55 3383 166 3454 bruteri
189 3391 290 3460 Inscr.
314 3418 344 3478 p.
358 3397 432 3460 404.
467 3395 535 3460 Neo
561 3399 667 3484 minus
691 3398 802 3463 eadem
827 3397 883 3462 illa
902 3395 1065 3460 Ciaecouii
1090 3416 1188 3480 opera

57 3513 126 3560 1111
150 3497 234 3564 1595
257 3499 353 3566 Celso
377 3499 543 3567 Cittadino
566 3503 602 3568 11
626 3507 775 3588 promptu
805 3503 867 3568 luit
890 3503 1022 3568 titulum
1047 3501 1186 3566 Duellia-

59 3619 120 3666 num
141 3607 250 3689 paucis
282 3608 438 3672 tractanti
467 3607 500 3672 in
524 3605 687 3674 ‘Trattato
711 3607 799 3673 della
822 3609 953 3693 volgare
977 3605 1101 3692 lingua’
1126 3605 1187 3670 Ve-

59 3709 138 3774 netiis
157 3735 183 3778 a.
200 3713 284 3778 1601
306 3714 444 3798 primum
464 3715 561 3780 edito.
594 3714 674 3780 Post
690 3714 771 3779 haec
791 3719 900 3778 antem
919 3719 1067 3796 tempora
1086 3731 1186 3794 prope

60 3811 139 3898 nihil,
161 3839 222 3902 quo
246 3817 376 3904 quidem
400 3843 517 3904 operae
541 3819 680 3906 pretium
705 3823 809 3902 lieret,
839 3820 1029 3904 praestitum
1054 3821 1112 3880 est
1158 3815 1186 3879 Ε

61 3913 319 3990 Trameaainorum
339 3927 536 4014 hafreriique
556 3927 739 4012 disparibus
759 3925 915 4010 exemplis
935 3925 1065 3988 tertiam
1088 3945 1187 4006 quan·

62 4019 123 4088 dam
143 4031 284 4096 tabulam
308 4056 335 4098 a.
359 4035 444 4098 1600
472 4057 491 4098 a
515 4034 767 4098 Bartholomaeo
792 4031 917 4114 ltossio,
948 4031 1015 4094 sive
1039 4052 1111 4094 eum
1136 4029 1187 4092 ‘de

65 4123 176 4198 Rubeia'
190 4137 307 4204 dixeris
328 4161 414 4204 more
433 4140 608 4222 tralaticio,
623 4140 837 4224 compositam
853 4137 983 4200 iteravit
997 4159 1082 4202 1111
1101 4137 1186 4202 1035

67 4229 183 4306 loannes
200 4243 336 4312 Iacobus
360 4245 399 4308 de
418 4245 554 4312 Rubeis:
578 4247 633 4312 sed
657 4253 693 4310 nt
717 4247 884 4310 columnae
908 4245 1012 4328 ligura
1031 4243 1110 4308 duee
1132 4265 1188 4326 po·

67 4339 206 4414 tissimum
227 4349 374 4416 Lafrerio
398 4351 560 4416 delineata
584 4355 635 4433 sit,
659 4351 827 4433 inscriptio
856 4371 927 4414 cum
953 4350 1187 4434 supplementis

69 4447 299 4524 alramezzinis
331 4463 470 4542 sumpta.
519 4459 642 4523 Eodem
676 4481 759 4523 anno
792 4459 875 4522 1635
909 4457 1019 4542 ignavi
1046 4456 1224 4522 hominisx

921 4557 976 4614 ld*
