<?xml version="1.0" encoding="UTF-8"?>
<!DOCTYPE html PUBLIC "-//W3C//DTD XHTML 1.0 Transitional//EN"
    "http://www.w3.org/TR/xhtml1/DTD/xhtml1-transitional.dtd">
<html xmlns="http://www.w3.org/1999/xhtml" xml:lang="en" lang="en">
 <head>
  <title>
</title>
<meta http-equiv="Content-Type" content="text/html;charset=utf-8" />
  <meta name='ocr-system' content='tesseract 3.04.00' />
  <meta name='ocr-capabilities' content='ocr_page ocr_carea ocr_par ocr_line ocrx_word'/>
</head>
<body>
  <div class='ocr_page' id='page_1' title='image "./fridericiritsch03ritsgoog_0307.png"; bbox 0 0 3008 5118; ppageno 0'>
   <div class='ocr_carea' id='block_1_1' title="bbox 326 407 1151 478">
    <p class='ocr_par' dir='ltr' id='par_1_1' title="bbox 326 407 1151 478">
     <span class='ocr_line' id='line_1_1' title="bbox 326 407 1151 478; baseline 0.004 -9"><span class='ocrx_word' id='word_1_1' title='bbox 326 407 390 470; x_wconf 75' lang='lat'>272</span> <span class='ocrx_word' id='word_1_2' title='bbox 648 425 693 469; x_wconf 86' lang='lat' dir='ltr'>un</span> <span class='ocrx_word' id='word_1_3' title='bbox 718 425 915 472; x_wconf 81' lang='lat' dir='ltr'>rrcrumnvs</span> <span class='ocrx_word' id='word_1_4' title='bbox 940 425 1151 478; x_wconf 81' lang='lat' dir='ltr'>nrrrsmrrs</span> 
     </span>
    </p>
   </div>
   <div class='ocr_carea' id='block_1_2' title="bbox 298 565 1503 4172">
    <p class='ocr_par' dir='ltr' id='par_1_2' title="bbox 325 565 1449 737">
     <span class='ocr_line' id='line_1_2' title="bbox 325 565 1449 654; baseline 0.002 -26"><span class='ocrx_word' id='word_1_5' title='bbox 325 565 447 629; x_wconf 83' lang='lat' dir='ltr'>cultata</span> <span class='ocrx_word' id='word_1_6' title='bbox 472 566 647 651; x_wconf 82' lang='lat' dir='ltr'><strong>expediam,</strong></span> <span class='ocrx_word' id='word_1_7' title='bbox 671 589 735 631; x_wconf 90' lang='lat' dir='ltr'>nou</span> <span class='ocrx_word' id='word_1_8' title='bbox 760 567 889 632; x_wconf 81' lang='lat' dir='ltr'>hercule</span> <span class='ocrx_word' id='word_1_9' title='bbox 913 569 1138 654; x_wconf 82' lang='lat' dir='ltr'>mythologuur</span> <span class='ocrx_word' id='word_1_10' title='bbox 1162 588 1270 652; x_wconf 87' lang='lat' dir='ltr'>agens,</span> <span class='ocrx_word' id='word_1_11' title='bbox 1291 567 1342 631; x_wconf 87' lang='lat' dir='ltr'>sed</span> <span class='ocrx_word' id='word_1_12' title='bbox 1361 588 1449 651; x_wconf 84' lang='lat' dir='ltr'>gram·</span> 
     </span>
     <span class='ocr_line' id='line_1_3' title="bbox 325 673 488 737; baseline 0.006 -3"><span class='ocrx_word' id='word_1_13' title='bbox 325 673 488 737; x_wconf 87' lang='lat' dir='ltr'>maticurn.</span> 
     </span>
    </p>

    <p class='ocr_par' dir='ltr' id='par_1_3' title="bbox 325 778 1451 1294">
     <span class='ocr_line' id='line_1_4' title="bbox 414 778 1451 866; baseline 0.003 -23"><span class='ocrx_word' id='word_1_14' title='bbox 414 778 487 844; x_wconf 92' lang='lat' dir='ltr'>Non</span> <span class='ocrx_word' id='word_1_15' title='bbox 517 785 592 844; x_wconf 93' lang='lat' dir='ltr'>sunt</span> <span class='ocrx_word' id='word_1_16' title='bbox 621 787 727 845; x_wconf 90' lang='lat' dir='ltr'>autem</span> <span class='ocrx_word' id='word_1_17' title='bbox 756 803 792 847; x_wconf 86' lang='lat' dir='ltr'>ae</span> <span class='ocrx_word' id='word_1_18' title='bbox 824 783 952 846; x_wconf 72' lang='lat' dir='ltr'>litterae</span> <span class='ocrx_word' id='word_1_19' title='bbox 981 804 1039 866; x_wconf 91' lang='lat' dir='ltr'>pro</span> <span class='ocrx_word' id='word_1_20' title='bbox 1067 782 1271 866; x_wconf 75' lang='lat' dir='ltr'><strong>diphthongo</strong></span> <span class='ocrx_word' id='word_1_21' title='bbox 1298 780 1451 846; x_wconf 74' lang='lat' dir='ltr'>habendae.</span> 
     </span>
     <span class='ocr_line' id='line_1_5' title="bbox 326 886 1450 972; baseline 0 -24"><span class='ocrx_word' id='word_1_22' title='bbox 326 886 379 949; x_wconf 87' lang='lat' dir='ltr'>sed</span> <span class='ocrx_word' id='word_1_23' title='bbox 414 887 601 951; x_wconf 89' lang='lat' dir='ltr'>ordiendum</span> <span class='ocrx_word' id='word_1_24' title='bbox 634 911 654 952; x_wconf 90' lang='lat' dir='ltr'>a</span> <span class='ocrx_word' id='word_1_25' title='bbox 690 889 934 972; x_wconf 85' lang='lat' dir='ltr'>quadrisyllaba</span> <span class='ocrx_word' id='word_1_26' title='bbox 963 887 1176 952; x_wconf 67' lang='lat' dir='ltr'>Saeturnus</span> <span class='ocrx_word' id='word_1_27' title='bbox 1213 888 1324 953; x_wconf 83' lang='lat' dir='ltr'>forma.</span> <span class='ocrx_word' id='word_1_28' title='bbox 1367 887 1450 950; x_wconf 74' lang='lat' dir='ltr'>euius</span> 
     </span>
     <span class='ocr_line' id='line_1_6' title="bbox 325 993 1451 1079; baseline 0.002 -25"><span class='ocrx_word' id='word_1_29' title='bbox 325 993 532 1076; x_wconf 82' lang='lat' dir='ltr'>explicandae</span> <span class='ocrx_word' id='word_1_30' title='bbox 557 994 673 1078; x_wconf 86' lang='lat' dir='ltr'>duplex</span> <span class='ocrx_word' id='word_1_31' title='bbox 698 996 749 1058; x_wconf 88' lang='lat' dir='ltr'>via</span> <span class='ocrx_word' id='word_1_32' title='bbox 773 1001 872 1079; x_wconf 90' lang='lat' dir='ltr'>patet.</span> <span class='ocrx_word' id='word_1_33' title='bbox 909 995 995 1060; x_wconf 88' lang='lat' dir='ltr'>Nam</span> <span class='ocrx_word' id='word_1_34' title='bbox 1020 1017 1091 1060; x_wconf 92' lang='lat' dir='ltr'>cum</span> <span class='ocrx_word' id='word_1_35' title='bbox 1116 995 1281 1059; x_wconf 88' lang='lat' dir='ltr'>verissime</span> <span class='ocrx_word' id='word_1_36' title='bbox 1300 994 1451 1058; x_wconf 86' lang='lat' dir='ltr'>iamBntt-</span> 
     </span>
     <span class='ocr_line' id='line_1_7' title="bbox 325 1102 1451 1167; baseline 0.001 -6"><span class='ocrx_word' id='word_1_37' title='bbox 325 1121 462 1165; x_wconf 90' lang='lat' dir='ltr'>mannus</span> <span class='ocrx_word' id='word_1_38' title='bbox 492 1102 625 1165; x_wconf 86' lang='lat' dir='ltr'>eandem</span> <span class='ocrx_word' id='word_1_39' title='bbox 655 1125 725 1166; x_wconf 88' lang='lat' dir='ltr'>esse</span> <span class='ocrx_word' id='word_1_40' title='bbox 752 1103 921 1167; x_wconf 87' lang='lat' dir='ltr'>nominum</span> <span class='ocrx_word' id='word_1_41' title='bbox 950 1104 984 1166; x_wconf 92' lang='lat' dir='ltr'>in</span> <span class='ocrx_word' id='word_1_42' title='bbox 1012 1125 1129 1166; x_wconf 89' lang='lat' dir='ltr'>urnus</span> <span class='ocrx_word' id='word_1_43' title='bbox 1159 1105 1192 1165; x_wconf 92' lang='lat' dir='ltr'>et</span> <span class='ocrx_word' id='word_1_44' title='bbox 1220 1123 1331 1166; x_wconf 85' lang='lat' dir='ltr'>ernas</span> <span class='ocrx_word' id='word_1_45' title='bbox 1357 1121 1451 1164; x_wconf 84' lang='lat' dir='ltr'>exeun·</span> 
     </span>
     <span class='ocr_line' id='line_1_8' title="bbox 325 1205 1450 1294; baseline 0.002 -27"><span class='ocrx_word' id='word_1_46' title='bbox 325 1205 406 1268; x_wconf 86' lang='lat' dir='ltr'>tium</span> <span class='ocrx_word' id='word_1_47' title='bbox 431 1209 592 1273; x_wconf 88' lang='lat' dir='ltr'>rationem</span> <span class='ocrx_word' id='word_1_48' title='bbox 612 1210 738 1292; x_wconf 85' lang='lat' dir='ltr'>viderit,</span> <span class='ocrx_word' id='word_1_49' title='bbox 762 1211 881 1294; x_wconf 87' lang='lat' dir='ltr'>quippe</span> <span class='ocrx_word' id='word_1_50' title='bbox 900 1233 966 1275; x_wconf 88' lang='lat' dir='ltr'>non</span> <span class='ocrx_word' id='word_1_51' title='bbox 988 1211 1108 1276; x_wconf 87' lang='lat' dir='ltr'>maiore</span> <span class='ocrx_word' id='word_1_52' title='bbox 1128 1231 1225 1292; x_wconf 89' lang='lat' dir='ltr'>quam</span> <span class='ocrx_word' id='word_1_53' title='bbox 1245 1208 1329 1272; x_wconf 89' lang='lat' dir='ltr'>iuter</span> <span class='ocrx_word' id='word_1_54' title='bbox 1350 1207 1450 1270; x_wconf 80' lang='lat' dir='ltr'>undus</span> 
     </span>
    </p>

    <p class='ocr_par' dir='ltr' id='par_1_4' title="bbox 298 1313 1503 4172">
     <span class='ocr_line' id='line_1_9' title="bbox 298 1313 1503 1401; baseline -0.001 -26"><span class='ocrx_word' id='word_1_55' title='bbox 298 1316 358 1374; x_wconf 74' lang='lat' dir='ltr'>cer</span> <span class='ocrx_word' id='word_1_56' title='bbox 387 1313 505 1378; x_wconf 84' lang='lat' dir='ltr'>andus</span> <span class='ocrx_word' id='word_1_57' title='bbox 534 1316 779 1381; x_wconf 81' lang='lat' dir='ltr'>terminationes</span> <span class='ocrx_word' id='word_1_58' title='bbox 804 1318 1002 1401; x_wconf 74' lang='lat' dir='ltr'>(discrimine,</span> <span class='ocrx_word' id='word_1_59' title='bbox 1036 1321 1106 1381; x_wconf 91' lang='lat' dir='ltr'>tum</span> <span class='ocrx_word' id='word_1_60' title='bbox 1130 1315 1327 1398; x_wconf 86' lang='lat' dir='ltr'>aliquotiens</span> <span class='ocrx_word' id='word_1_61' title='bbox 1348 1313 1450 1378; x_wconf 71' lang='lat' dir='ltr'>cultilis</span> <span class='ocrx_word' id='word_1_62' title='bbox 1502 1353 1503 1356; x_wconf 57' lang='lat'><em>=</em></span> 
     </span>
     <span class='ocr_line' id='line_1_10' title="bbox 326 1416 1503 1508; baseline 0.002 -28"><span class='ocrx_word' id='word_1_63' title='bbox 326 1416 376 1499; x_wconf 86' lang='lat' dir='ltr'>(ut</span> <span class='ocrx_word' id='word_1_64' title='bbox 400 1443 472 1484; x_wconf 89' lang='lat' dir='ltr'>cum</span> <span class='ocrx_word' id='word_1_65' title='bbox 497 1425 719 1505; x_wconf 85' lang='lat' dir='ltr'>grammaticis</span> <span class='ocrx_word' id='word_1_66' title='bbox 744 1423 874 1508; x_wconf 89' lang='lat' dir='ltr'>loquar)</span> <span class='ocrx_word' id='word_1_67' title='bbox 899 1425 964 1489; x_wconf 86' lang='lat' dir='ltr'>illis</span> <span class='ocrx_word' id='word_1_68' title='bbox 987 1447 1054 1489; x_wconf 90' lang='lat' dir='ltr'>non</span> <span class='ocrx_word' id='word_1_69' title='bbox 1078 1429 1154 1488; x_wconf 90' lang='lat' dir='ltr'>sunt</span> <span class='ocrx_word' id='word_1_70' title='bbox 1173 1422 1361 1505; x_wconf 88' lang='lat' dir='ltr'>simpliciter</span> <span class='ocrx_word' id='word_1_71' title='bbox 1379 1442 1451 1484; x_wconf 87' lang='lat' dir='ltr'>voca·</span> <span class='ocrx_word' id='word_1_72' title='bbox 1502 1433 1503 1440; x_wconf 76' lang='grc'>’</span> 
     </span>
     <span class='ocr_line' id='line_1_11' title="bbox 324 1524 1503 1612; baseline 0.002 -26"><span class='ocrx_word' id='word_1_73' title='bbox 324 1524 473 1590; x_wconf 87' lang='lat' dir='ltr'>hulorum</span> <span class='ocrx_word' id='word_1_74' title='bbox 498 1529 615 1612; x_wconf 86' lang='lat' dir='ltr'>stirpes</span> <span class='ocrx_word' id='word_1_75' title='bbox 640 1536 753 1596; x_wconf 88' lang='lat' dir='ltr'>auctae</span> <span class='ocrx_word' id='word_1_76' title='bbox 783 1536 819 1596; x_wconf 92' lang='lat' dir='ltr'>ut</span> <span class='ocrx_word' id='word_1_77' title='bbox 846 1533 879 1595; x_wconf 90' lang='lat' dir='ltr'>in</span> <span class='ocrx_word' id='word_1_78' title='bbox 908 1532 1087 1596; x_wconf 86' lang='lat' dir='ltr'>di-urnus</span> <span class='ocrx_word' id='word_1_79' title='bbox 1116 1535 1344 1596; x_wconf 84' lang='lat' dir='ltr'>noct-urnas</span> <span class='ocrx_word' id='word_1_80' title='bbox 1365 1527 1448 1592; x_wconf 73' lang='lat' dir='ltr'>vou-</span> <span class='ocrx_word' id='word_1_81' title='bbox 1501 1525 1503 1534; x_wconf 58' lang='lat'><strong><em>⁴</em></strong></span> 
     </span>
     <span class='ocr_line' id='line_1_12' title="bbox 325 1635 1449 1720; baseline 0.001 -27"><span class='ocrx_word' id='word_1_82' title='bbox 325 1653 439 1697; x_wconf 90' lang='lat' dir='ltr'>urnus</span> <span class='ocrx_word' id='word_1_83' title='bbox 467 1635 695 1702; x_wconf 80' lang='lat' dir='ltr'>hodi-arnus</span> <span class='ocrx_word' id='word_1_84' title='bbox 727 1639 943 1720; x_wconf 68' lang='lat' dir='ltr'>hibernus,</span> <span class='ocrx_word' id='word_1_85' title='bbox 977 1639 1032 1702; x_wconf 91' lang='lat' dir='ltr'>sed</span> <span class='ocrx_word' id='word_1_86' title='bbox 1059 1642 1195 1720; x_wconf 87' lang='lat' dir='ltr'>utraque</span> <span class='ocrx_word' id='word_1_87' title='bbox 1224 1659 1300 1720; x_wconf 84' lang='lat' dir='ltr'>pars</span> <span class='ocrx_word' id='word_1_88' title='bbox 1328 1635 1449 1700; x_wconf 79' lang='lat' dir='ltr'>immisse</span> 
     </span>
     <span class='ocr_line' id='line_1_13' title="bbox 324 1739 1501 1829; baseline 0.002 -29"><span class='ocrx_word' id='word_1_89' title='bbox 324 1739 354 1801; x_wconf 91' lang='lat' dir='ltr'>it</span> <span class='ocrx_word' id='word_1_90' title='bbox 383 1742 509 1823; x_wconf 71' lang='lat' dir='ltr'>syllaba</span> <span class='ocrx_word' id='word_1_91' title='bbox 538 1746 724 1809; x_wconf 87' lang='lat' dir='ltr'>consociata</span> <span class='ocrx_word' id='word_1_92' title='bbox 753 1751 790 1809; x_wconf 93' lang='lat' dir='ltr'>ut</span> <span class='ocrx_word' id='word_1_93' title='bbox 818 1747 852 1810; x_wconf 88' lang='lat' dir='ltr'>in</span> <span class='ocrx_word' id='word_1_94' title='bbox 885 1746 1146 1809; x_wconf 83' lang='lat' dir='ltr'>aer-it-ernus</span> <span class='ocrx_word' id='word_1_95' title='bbox 1180 1743 1449 1827; x_wconf 76' lang='lat' dir='ltr'>semp-iterum</span> <span class='ocrx_word' id='word_1_96' title='bbox 1496 1759 1501 1829; x_wconf 74' lang='lat' dir='ltr'><strong>j</strong></span> 
     </span>
     <span class='ocr_line' id='line_1_14' title="bbox 323 1843 1501 1935; baseline -0.001 -28"><span class='ocrx_word' id='word_1_97' title='bbox 323 1843 562 1914; x_wconf 81' lang='lat' dir='ltr'>hes-ternus</span> <span class='ocrx_word' id='word_1_98' title='bbox 587 1848 685 1935; x_wconf 82' lang='lat' dir='ltr'>(quod</span> <span class='ocrx_word' id='word_1_99' title='bbox 710 1856 760 1915; x_wconf 88' lang='lat' dir='ltr'>est</span> <span class='ocrx_word' id='word_1_100' title='bbox 784 1875 821 1915; x_wconf 88' lang='lat' dir='ltr'>ex</span> <span class='ocrx_word' id='word_1_101' title='bbox 845 1853 1103 1916; x_wconf 73' lang='lat' dir='ltr'>hesitemus</span> <span class='ocrx_word' id='word_1_102' title='bbox 1127 1850 1147 1913; x_wconf 93' lang='lat' dir='ltr'>i.</span> <span class='ocrx_word' id='word_1_103' title='bbox 1164 1872 1189 1914; x_wconf 88' lang='lat' dir='ltr'>e.</span> <span class='ocrx_word' id='word_1_104' title='bbox 1210 1848 1449 1913; x_wconf 78' lang='lat' dir='ltr'>her-it-eruus</span> <span class='ocrx_word' id='word_1_105' title='bbox 1496 1862 1501 1906; x_wconf 71' lang='grc' dir='ltr'><strong>τ</strong></span> 
     </span>
     <span class='ocr_line' id='line_1_15' title="bbox 323 1955 1499 2046; baseline 0.002 -32"><span class='ocrx_word' id='word_1_106' title='bbox 323 1957 534 2040; x_wconf 63' lang='grc' dir='ltr'>υοειτίιιῒιιηι&gt;ε</span> <span class='ocrx_word' id='word_1_107' title='bbox 567 1958 651 2022; x_wconf 90' lang='lat' dir='ltr'>inter</span> <span class='ocrx_word' id='word_1_108' title='bbox 684 1983 766 2042; x_wconf 88' lang='lat' dir='ltr'>quae</span> <span class='ocrx_word' id='word_1_109' title='bbox 795 1961 857 2024; x_wconf 90' lang='lat' dir='ltr'>duo</span> <span class='ocrx_word' id='word_1_110' title='bbox 886 1981 1005 2044; x_wconf 79' lang='lat' dir='ltr'>genera</span> <span class='ocrx_word' id='word_1_111' title='bbox 1033 1957 1186 2042; x_wconf 84' lang='lat' dir='ltr'>ambiguo</span> <span class='ocrx_word' id='word_1_112' title='bbox 1216 1956 1288 2021; x_wconf 90' lang='lat' dir='ltr'>loco</span> <span class='ocrx_word' id='word_1_113' title='bbox 1318 1961 1363 2020; x_wconf 86' lang='lat' dir='ltr'>est</span> <span class='ocrx_word' id='word_1_114' title='bbox 1387 1955 1449 2018; x_wconf 91' lang='lat' dir='ltr'>diu·</span> <span class='ocrx_word' id='word_1_115' title='bbox 1498 1966 1499 2046; x_wconf 66' lang='lat' dir='ltr'>J</span> 
     </span>
     <span class='ocr_line' id='line_1_16' title="bbox 324 2062 1499 2148; baseline 0.002 -27"><span class='ocrx_word' id='word_1_116' title='bbox 324 2062 473 2142; x_wconf 80' lang='lat' dir='ltr'>turnus,</span> <span class='ocrx_word' id='word_1_117' title='bbox 511 2069 625 2148; x_wconf 87' lang='lat' dir='ltr'>utpote</span> <span class='ocrx_word' id='word_1_118' title='bbox 658 2072 715 2130; x_wconf 88' lang='lat' dir='ltr'>aut</span> <span class='ocrx_word' id='word_1_119' title='bbox 747 2091 763 2130; x_wconf 93' lang='lat' dir='ltr'>e</span> <span class='ocrx_word' id='word_1_120' title='bbox 794 2068 1019 2131; x_wconf 87' lang='lat' dir='ltr'>diut-urnus</span> <span class='ocrx_word' id='word_1_121' title='bbox 1054 2068 1166 2128; x_wconf 89' lang='lat' dir='ltr'>natum</span> <span class='ocrx_word' id='word_1_122' title='bbox 1199 2063 1306 2146; x_wconf 85' lang='lat' dir='ltr'>(cuius</span> <span class='ocrx_word' id='word_1_123' title='bbox 1338 2065 1447 2146; x_wconf 83' lang='lat' dir='ltr'>stirpem</span> <span class='ocrx_word' id='word_1_124' title='bbox 1498 2082 1499 2086; x_wconf 48' lang='lat'>¹</span> 
     </span>
     <span class='ocr_line' id='line_1_17' title="bbox 322 2165 1448 2258; baseline 0.002 -32"><span class='ocrx_word' id='word_1_125' title='bbox 322 2165 406 2229; x_wconf 89' lang='lat' dir='ltr'>diut</span> <span class='ocrx_word' id='word_1_126' title='bbox 437 2168 537 2232; x_wconf 89' lang='lat' dir='ltr'>hahes</span> <span class='ocrx_word' id='word_1_127' title='bbox 571 2171 604 2233; x_wconf 91' lang='lat' dir='ltr'>in</span> <span class='ocrx_word' id='word_1_128' title='bbox 643 2171 791 2236; x_wconf 87' lang='lat' dir='ltr'>diutius</span> <span class='ocrx_word' id='word_1_129' title='bbox 830 2170 1022 2258; x_wconf 83' lang='lat' dir='ltr'>diutinus)</span> <span class='ocrx_word' id='word_1_130' title='bbox 1061 2177 1117 2236; x_wconf 86' lang='lat' dir='ltr'>aut</span> <span class='ocrx_word' id='word_1_131' title='bbox 1155 2193 1172 2234; x_wconf 87' lang='lat' dir='ltr'>e</span> <span class='ocrx_word' id='word_1_132' title='bbox 1205 2171 1448 2234; x_wconf 72' lang='lat' dir='ltr'>diu-it-urnus.</span> 
     </span>
     <span class='ocr_line' id='line_1_18' title="bbox 321 2272 1496 2362; baseline 0 -29"><span class='ocrx_word' id='word_1_133' title='bbox 321 2272 435 2356; x_wconf 83' lang='lat' dir='ltr'>Itaque</span> <span class='ocrx_word' id='word_1_134' title='bbox 470 2276 561 2339; x_wconf 89' lang='lat' dir='ltr'>licuit</span> <span class='ocrx_word' id='word_1_135' title='bbox 594 2277 739 2360; x_wconf 85' lang='lat' dir='ltr'>profecto</span> <span class='ocrx_word' id='word_1_136' title='bbox 765 2301 780 2341; x_wconf 92' lang='lat' dir='ltr'>e</span> <span class='ocrx_word' id='word_1_137' title='bbox 811 2283 850 2341; x_wconf 77' lang='lat' dir='ltr'>sc</span> <span class='ocrx_word' id='word_1_138' title='bbox 880 2279 993 2362; x_wconf 87' lang='lat' dir='ltr'>stirpe,</span> <span class='ocrx_word' id='word_1_139' title='bbox 1032 2278 1115 2341; x_wconf 89' lang='lat' dir='ltr'>unde</span> <span class='ocrx_word' id='word_1_140' title='bbox 1148 2280 1259 2339; x_wconf 73' lang='lat' dir='ltr'>satus</span> <span class='ocrx_word' id='word_1_141' title='bbox 1293 2277 1446 2360; x_wconf 81' lang='lat' dir='ltr'>protectum</span> <span class='ocrx_word' id='word_1_142' title='bbox 1490 2278 1496 2343; x_wconf 66' lang='grc' dir='ltr'><em>ξ</em></span> 
     </span>
     <span class='ocr_line' id='line_1_19' title="bbox 322 2377 1494 2468; baseline 0.003 -20"><span class='ocrx_word' id='word_1_143' title='bbox 322 2377 418 2462; x_wconf 79' lang='lat' dir='ltr'>(quae</span> <span class='ocrx_word' id='word_1_144' title='bbox 442 2387 611 2446; x_wconf 83' lang='lat' dir='ltr'>attenuata</span> <span class='ocrx_word' id='word_1_145' title='bbox 635 2385 805 2448; x_wconf 81' lang='lat' dir='ltr'>demuma</span> <span class='ocrx_word' id='word_1_146' title='bbox 836 2386 937 2449; x_wconf 86' lang='lat' dir='ltr'>vocali</span> <span class='ocrx_word' id='word_1_147' title='bbox 967 2384 1098 2448; x_wconf 88' lang='lat' dir='ltr'>transiit</span> <span class='ocrx_word' id='word_1_148' title='bbox 1126 2384 1159 2447; x_wconf 92' lang='lat' dir='ltr'>in</span> <span class='ocrx_word' id='word_1_149' title='bbox 1188 2383 1321 2468; x_wconf 68' lang='lat' dir='ltr'>sd-ro),</span> <span class='ocrx_word' id='word_1_150' title='bbox 1351 2383 1447 2462; x_wconf 57' lang='lat' dir='ltr'>finan</span> <span class='ocrx_word' id='word_1_151' title='bbox 1490 2442 1494 2451; x_wconf 95' lang='lat'><em>.</em></span> 
     </span>
     <span class='ocr_line' id='line_1_20' title="bbox 321 2484 1494 2573; baseline 0 -25"><span class='ocrx_word' id='word_1_152' title='bbox 321 2484 567 2553; x_wconf 60' lang='lat' dir='ltr'>Saeturnus</span> <span class='ocrx_word' id='word_1_153' title='bbox 596 2491 646 2553; x_wconf 93' lang='lat' dir='ltr'>vel</span> <span class='ocrx_word' id='word_1_154' title='bbox 672 2493 911 2556; x_wconf 69' lang='lat' dir='ltr'>Sa-it-urnus</span> <span class='ocrx_word' id='word_1_155' title='bbox 936 2491 1088 2573; x_wconf 82' lang='lat' dir='ltr'>formam,</span> <span class='ocrx_word' id='word_1_156' title='bbox 1112 2511 1194 2573; x_wconf 90' lang='lat' dir='ltr'>quae</span> <span class='ocrx_word' id='word_1_157' title='bbox 1219 2489 1388 2553; x_wconf 84' lang='lat' dir='ltr'>contractis</span> <span class='ocrx_word' id='word_1_158' title='bbox 1409 2509 1445 2548; x_wconf 76' lang='lat' dir='ltr'>ru</span> <span class='ocrx_word' id='word_1_159' title='bbox 1490 2506 1494 2515; x_wconf 92' lang='lat'>·</span> 
     </span>
     <span class='ocr_line' id='line_1_21' title="bbox 321 2595 1438 2682; baseline -0.004 -25"><span class='ocrx_word' id='word_1_160' title='bbox 321 2595 443 2660; x_wconf 90' lang='lat' dir='ltr'>calibus</span> <span class='ocrx_word' id='word_1_161' title='bbox 467 2598 598 2682; x_wconf 79' lang='lat' dir='ltr'>regulae</span> <span class='ocrx_word' id='word_1_162' title='bbox 618 2600 811 2663; x_wconf 80' lang='lat' dir='ltr'>necessitate</span> <span class='ocrx_word' id='word_1_163' title='bbox 832 2599 986 2662; x_wconf 84' lang='lat' dir='ltr'>transiret</span> <span class='ocrx_word' id='word_1_164' title='bbox 1005 2599 1040 2660; x_wconf 88' lang='lat' dir='ltr'>in</span> <span class='ocrx_word' id='word_1_165' title='bbox 1056 2596 1252 2660; x_wconf 71' lang='lat' dir='ltr'>Saturnus</span> <span class='ocrx_word' id='word_1_166' title='bbox 1285 2597 1343 2660; x_wconf 78' lang='lat' dir='ltr'>t&#39;ui</span> <span class='ocrx_word' id='word_1_167' title='bbox 1361 2603 1438 2658; x_wconf 79' lang='lat' dir='ltr'>tainu</span> 
     </span>
     <span class='ocr_line' id='line_1_22' title="bbox 320 2702 1493 2788; baseline -0.002 -26"><span class='ocrx_word' id='word_1_168' title='bbox 320 2703 438 2766; x_wconf 87' lang='lat' dir='ltr'>rationi</span> <span class='ocrx_word' id='word_1_169' title='bbox 466 2706 574 2768; x_wconf 87' lang='lat' dir='ltr'>nescio</span> <span class='ocrx_word' id='word_1_170' title='bbox 603 2729 644 2768; x_wconf 90' lang='lat' dir='ltr'>an</span> <span class='ocrx_word' id='word_1_171' title='bbox 673 2706 776 2768; x_wconf 84' lang='lat' dir='ltr'>altera</span> <span class='ocrx_word' id='word_1_172' title='bbox 804 2706 883 2768; x_wconf 88' lang='lat' dir='ltr'>haec</span> <span class='ocrx_word' id='word_1_173' title='bbox 912 2709 1067 2788; x_wconf 81' lang='lat' dir='ltr'>praestet,</span> <span class='ocrx_word' id='word_1_174' title='bbox 1101 2707 1137 2766; x_wconf 87' lang='lat' dir='ltr'>ut</span> <span class='ocrx_word' id='word_1_175' title='bbox 1164 2702 1266 2765; x_wconf 91' lang='lat' dir='ltr'>solam</span> <span class='ocrx_word' id='word_1_176' title='bbox 1290 2724 1307 2766; x_wconf 84' lang='lat' dir='ltr'>e</span> <span class='ocrx_word' id='word_1_177' title='bbox 1329 2703 1443 2766; x_wconf 82' lang='lat' dir='ltr'>litteram</span> <span class='ocrx_word' id='word_1_178' title='bbox 1487 2710 1493 2739; x_wconf 77' lang='lat'><em>¹</em></span> 
     </span>
     <span class='ocr_line' id='line_1_23' title="bbox 320 2807 1443 2894; baseline -0.004 -24"><span class='ocrx_word' id='word_1_179' title='bbox 320 2810 469 2891; x_wconf 82' lang='lat' dir='ltr'>copulam</span> <span class='ocrx_word' id='word_1_180' title='bbox 490 2812 634 2874; x_wconf 85' lang='lat' dir='ltr'>vocalem</span> <span class='ocrx_word' id='word_1_181' title='bbox 656 2812 746 2874; x_wconf 89' lang='lat' dir='ltr'>illam</span> <span class='ocrx_word' id='word_1_182' title='bbox 763 2809 920 2894; x_wconf 74' lang='lat' dir='ltr'>(vocalem</span> <span class='ocrx_word' id='word_1_183' title='bbox 937 2810 1155 2894; x_wconf 87' lang='lat' dir='ltr'>copulativam</span> <span class='ocrx_word' id='word_1_184' title='bbox 1175 2809 1343 2890; x_wconf 86' lang='lat' dir='ltr'>appellant</span> <span class='ocrx_word' id='word_1_185' title='bbox 1358 2807 1443 2889; x_wconf 71' lang='lat' dir='ltr'>vulgul</span> 
     </span>
     <span class='ocr_line' id='line_1_24' title="bbox 319 2914 1442 3001; baseline -0.002 -25"><span class='ocrx_word' id='word_1_186' title='bbox 319 2914 569 3000; x_wconf 83' lang='lat' dir='ltr'>interpretemur</span> <span class='ocrx_word' id='word_1_187' title='bbox 588 2920 775 3001; x_wconf 86' lang='lat' dir='ltr'>plerumque</span> <span class='ocrx_word' id='word_1_188' title='bbox 797 2923 954 2981; x_wconf 80' lang='lat' dir='ltr'>mutatam</span> <span class='ocrx_word' id='word_1_189' title='bbox 975 2919 1009 2980; x_wconf 90' lang='lat' dir='ltr'>in</span> <span class='ocrx_word' id='word_1_190' title='bbox 1030 2919 1054 3000; x_wconf 74' lang='lat' dir='ltr'>i,</span> <span class='ocrx_word' id='word_1_191' title='bbox 1074 2917 1163 2981; x_wconf 86' lang='lat' dir='ltr'>cuius</span> <span class='ocrx_word' id='word_1_192' title='bbox 1184 2920 1251 2978; x_wconf 87' lang='lat' dir='ltr'>tam</span> <span class='ocrx_word' id='word_1_193' title='bbox 1272 2917 1337 2980; x_wconf 87' lang='lat' dir='ltr'>late</span> <span class='ocrx_word' id='word_1_194' title='bbox 1355 2925 1442 3000; x_wconf 70' lang='lat' dir='ltr'>patere</span> 
     </span>
     <span class='ocr_line' id='line_1_25' title="bbox 319 3021 1442 3108; baseline -0.004 -25"><span class='ocrx_word' id='word_1_195' title='bbox 319 3021 350 3084; x_wconf 89' lang='lat' dir='ltr'>in</span> <span class='ocrx_word' id='word_1_196' title='bbox 368 3022 479 3106; x_wconf 80' lang='lat' dir='ltr'>lingua</span> <span class='ocrx_word' id='word_1_197' title='bbox 494 3025 598 3088; x_wconf 81' lang='lat' dir='ltr'>latina</span> <span class='ocrx_word' id='word_1_198' title='bbox 618 3049 694 3088; x_wconf 87' lang='lat' dir='ltr'>usus</span> <span class='ocrx_word' id='word_1_199' title='bbox 715 3025 783 3088; x_wconf 84' lang='lat' dir='ltr'>tuit.</span> <span class='ocrx_word' id='word_1_200' title='bbox 816 3029 885 3098; x_wconf 72' lang='lat' dir='ltr'>Qua</span> <span class='ocrx_word' id='word_1_201' title='bbox 905 3024 1019 3108; x_wconf 89' lang='lat' dir='ltr'>copula</span> <span class='ocrx_word' id='word_1_202' title='bbox 1045 3024 1147 3088; x_wconf 89' lang='lat' dir='ltr'>ascita</span> <span class='ocrx_word' id='word_1_203' title='bbox 1171 3023 1283 3086; x_wconf 87' lang='lat' dir='ltr'>eadem</span> <span class='ocrx_word' id='word_1_204' title='bbox 1308 3047 1346 3088; x_wconf 86' lang='lat' dir='ltr'>sa</span> <span class='ocrx_word' id='word_1_205' title='bbox 1368 3022 1442 3100; x_wconf 67' lang='lat' dir='ltr'>stirps</span> 
     </span>
     <span class='ocr_line' id='line_1_26' title="bbox 319 3127 1441 3214; baseline 0.002 -26"><span class='ocrx_word' id='word_1_206' title='bbox 319 3150 390 3189; x_wconf 89' lang='lat' dir='ltr'>cum</span> <span class='ocrx_word' id='word_1_207' title='bbox 416 3134 476 3191; x_wconf 89' lang='lat' dir='ltr'>tus</span> <span class='ocrx_word' id='word_1_208' title='bbox 502 3133 741 3213; x_wconf 81' lang='lat' dir='ltr'>terminatione,</span> <span class='ocrx_word' id='word_1_209' title='bbox 765 3155 827 3214; x_wconf 89' lang='lat' dir='ltr'>qua</span> <span class='ocrx_word' id='word_1_210' title='bbox 847 3132 915 3194; x_wconf 89' lang='lat' dir='ltr'>lieri</span> <span class='ocrx_word' id='word_1_211' title='bbox 934 3131 1106 3214; x_wconf 88' lang='lat' dir='ltr'>participia</span> <span class='ocrx_word' id='word_1_212' title='bbox 1125 3129 1238 3213; x_wconf 80' lang='lat' dir='ltr'>lingua</span> <span class='ocrx_word' id='word_1_213' title='bbox 1257 3131 1368 3212; x_wconf 83' lang='lat' dir='ltr'>voluit,</span> <span class='ocrx_word' id='word_1_214' title='bbox 1386 3127 1441 3190; x_wconf 70' lang='lat' dir='ltr'>euilt</span> 
     </span>
     <span class='ocr_line' id='line_1_27' title="bbox 319 3233 1480 3317; baseline 0.002 -22"><span class='ocrx_word' id='word_1_215' title='bbox 319 3233 352 3296; x_wconf 92' lang='lat' dir='ltr'>iu</span> <span class='ocrx_word' id='word_1_216' title='bbox 383 3237 565 3317; x_wconf 71' lang='lat' dir='ltr'>sae-tus,</span> <span class='ocrx_word' id='word_1_217' title='bbox 594 3237 676 3300; x_wconf 89' lang='lat' dir='ltr'>unde</span> <span class='ocrx_word' id='word_1_218' title='bbox 706 3241 932 3300; x_wconf 66' lang='lat' dir='ltr'>siret-urnas</span> <span class='ocrx_word' id='word_1_219' title='bbox 957 3240 1071 3300; x_wconf 85' lang='lat' dir='ltr'>natum</span> <span class='ocrx_word' id='word_1_220' title='bbox 1095 3241 1131 3298; x_wconf 90' lang='lat' dir='ltr'>ut</span> <span class='ocrx_word' id='word_1_221' title='bbox 1155 3234 1335 3301; x_wconf 73' lang='lat' dir='ltr'>diurnus</span> <span class='ocrx_word' id='word_1_222' title='bbox 1363 3246 1440 3300; x_wconf 84' lang='lat' dir='ltr'>nort·</span> <span class='ocrx_word' id='word_1_223' title='bbox 1475 3297 1480 3314; x_wconf 64' lang='grc'>,</span> 
     </span>
     <span class='ocr_line' id='line_1_28' title="bbox 319 3341 1440 3427; baseline 0.001 -26"><span class='ocrx_word' id='word_1_224' title='bbox 319 3362 434 3403; x_wconf 89' lang='lat' dir='ltr'>urnus</span> <span class='ocrx_word' id='word_1_225' title='bbox 473 3342 536 3424; x_wconf 85' lang='lat' dir='ltr'>vel,</span> <span class='ocrx_word' id='word_1_226' title='bbox 575 3345 659 3427; x_wconf 82' lang='lat' dir='ltr'>quod</span> <span class='ocrx_word' id='word_1_227' title='bbox 697 3345 795 3407; x_wconf 90' lang='lat' dir='ltr'>etiam</span> <span class='ocrx_word' id='word_1_228' title='bbox 834 3343 977 3425; x_wconf 87' lang='lat' dir='ltr'>propius,</span> <span class='ocrx_word' id='word_1_229' title='bbox 1020 3344 1274 3426; x_wconf 79' lang='lat' dir='ltr'>tacit-urnae,</span> <span class='ocrx_word' id='word_1_230' title='bbox 1313 3344 1371 3407; x_wconf 90' lang='lat' dir='ltr'>nisi</span> <span class='ocrx_word' id='word_1_231' title='bbox 1398 3341 1440 3402; x_wconf 74' lang='lat' dir='ltr'>lue</span> 
     </span>
     <span class='ocr_line' id='line_1_29' title="bbox 319 3449 1439 3533; baseline 0.004 -27"><span class='ocrx_word' id='word_1_232' title='bbox 319 3468 445 3531; x_wconf 85' lang='lat' dir='ltr'>quoque</span> <span class='ocrx_word' id='word_1_233' title='bbox 466 3449 510 3512; x_wconf 87' lang='lat' dir='ltr'>sic</span> <span class='ocrx_word' id='word_1_234' title='bbox 531 3451 647 3532; x_wconf 84' lang='lat' dir='ltr'>polius,</span> <span class='ocrx_word' id='word_1_235' title='bbox 672 3451 941 3531; x_wconf 52' lang='lat' dir='ltr'>taciturnus</span> <span class='ocrx_word' id='word_1_236' title='bbox 966 3450 1186 3533; x_wconf 87' lang='lat' dir='ltr'>dispescueris.</span> <span class='ocrx_word' id='word_1_237' title='bbox 1211 3449 1280 3513; x_wconf 89' lang='lat' dir='ltr'>lam</span> <span class='ocrx_word' id='word_1_238' title='bbox 1302 3465 1439 3514; x_wconf 75' lang='lat' dir='ltr'>verorum</span> 
     </span>
     <span class='ocr_line' id='line_1_30' title="bbox 321 3551 1439 3641; baseline -0.001 -25"><span class='ocrx_word' id='word_1_239' title='bbox 321 3555 478 3620; x_wconf 76' lang='lat' dir='ltr'>vocalium</span> <span class='ocrx_word' id='word_1_240' title='bbox 507 3579 695 3620; x_wconf 81' lang='lat' dir='ltr'>concursum</span> <span class='ocrx_word' id='word_1_241' title='bbox 725 3559 851 3640; x_wconf 81' lang='lat' dir='ltr'>fugeret</span> <span class='ocrx_word' id='word_1_242' title='bbox 879 3557 1003 3640; x_wconf 79' lang='lat' dir='ltr'>lingua,</span> <span class='ocrx_word' id='word_1_243' title='bbox 1041 3558 1131 3641; x_wconf 89' lang='lat' dir='ltr'>optio</span> <span class='ocrx_word' id='word_1_244' title='bbox 1165 3557 1240 3619; x_wconf 86' lang='lat' dir='ltr'>data</span> <span class='ocrx_word' id='word_1_245' title='bbox 1274 3563 1342 3621; x_wconf 88' lang='lat' dir='ltr'>erat</span> <span class='ocrx_word' id='word_1_246' title='bbox 1369 3562 1396 3618; x_wconf 86' lang='lat' dir='ltr'>ut</span> <span class='ocrx_word' id='word_1_247' title='bbox 1419 3551 1439 3611; x_wconf 84' lang='lat' dir='ltr'>iv</span> 
     </span>
     <span class='ocr_line' id='line_1_31' title="bbox 318 3657 1437 3744; baseline -0.001 -20"><span class='ocrx_word' id='word_1_248' title='bbox 318 3662 466 3744; x_wconf 84' lang='lat' dir='ltr'>plurimis</span> <span class='ocrx_word' id='word_1_249' title='bbox 497 3664 568 3726; x_wconf 88' lang='lat' dir='ltr'>aliis</span> <span class='ocrx_word' id='word_1_250' title='bbox 598 3669 653 3727; x_wconf 86' lang='lat' dir='ltr'>aut</span> <span class='ocrx_word' id='word_1_251' title='bbox 682 3664 973 3728; x_wconf 84' lang='lat' dir='ltr'>contrahendarum</span> <span class='ocrx_word' id='word_1_252' title='bbox 1005 3663 1160 3726; x_wconf 84' lang='lat' dir='ltr'>vocalium</span> <span class='ocrx_word' id='word_1_253' title='bbox 1192 3668 1249 3727; x_wconf 89' lang='lat' dir='ltr'>aut</span> <span class='ocrx_word' id='word_1_254' title='bbox 1276 3657 1437 3727; x_wconf 64' lang='lat' dir='ltr'>exteretur</span> 
     </span>
     <span class='ocr_line' id='line_1_32' title="bbox 318 3764 1437 3854; baseline -0.004 -24"><span class='ocrx_word' id='word_1_255' title='bbox 318 3769 449 3833; x_wconf 87' lang='lat' dir='ltr'>alterius</span> <span class='ocrx_word' id='word_1_256' title='bbox 479 3771 592 3834; x_wconf 84' lang='lat' dir='ltr'>utrius.</span> <span class='ocrx_word' id='word_1_257' title='bbox 638 3770 721 3834; x_wconf 91' lang='lat' dir='ltr'>Illud</span> <span class='ocrx_word' id='word_1_258' title='bbox 751 3771 850 3854; x_wconf 72' lang='lat' dir='ltr'>igitur</span> <span class='ocrx_word' id='word_1_259' title='bbox 879 3771 999 3835; x_wconf 86' lang='lat' dir='ltr'>factum</span> <span class='ocrx_word' id='word_1_260' title='bbox 1031 3775 1080 3832; x_wconf 88' lang='lat' dir='ltr'>est</span> <span class='ocrx_word' id='word_1_261' title='bbox 1108 3771 1142 3832; x_wconf 94' lang='lat' dir='ltr'>in</span> <span class='ocrx_word' id='word_1_262' title='bbox 1171 3767 1369 3848; x_wconf 79' lang='lat' dir='ltr'>Saturnus,</span> <span class='ocrx_word' id='word_1_263' title='bbox 1394 3764 1437 3826; x_wconf 80' lang='lat' dir='ltr'>hv</span> 
     </span>
     <span class='ocr_line' id='line_1_33' title="bbox 316 3876 1492 3962; baseline -0.008 -25"><span class='ocrx_word' id='word_1_264' title='bbox 316 3876 350 3937; x_wconf 89' lang='lat' dir='ltr'>in</span> <span class='ocrx_word' id='word_1_265' title='bbox 375 3881 483 3939; x_wconf 69' lang='lat' dir='ltr'>sistus</span> <span class='ocrx_word' id='word_1_266' title='bbox 509 3881 541 3938; x_wconf 85' lang='lat' dir='ltr'>et</span> <span class='ocrx_word' id='word_1_267' title='bbox 561 3877 633 3940; x_wconf 88' lang='lat' dir='ltr'>inde</span> <span class='ocrx_word' id='word_1_268' title='bbox 653 3878 821 3942; x_wconf 87' lang='lat' dir='ltr'>derivatis:</span> <span class='ocrx_word' id='word_1_269' title='bbox 846 3901 909 3962; x_wconf 83' lang='lat' dir='ltr'>quo</span> <span class='ocrx_word' id='word_1_270' title='bbox 930 3879 964 3940; x_wconf 87' lang='lat' dir='ltr'>lit</span> <span class='ocrx_word' id='word_1_271' title='bbox 985 3880 1020 3939; x_wconf 89' lang='lat' dir='ltr'>ut</span> <span class='ocrx_word' id='word_1_272' title='bbox 1040 3876 1174 3941; x_wconf 85' lang='lat' dir='ltr'>oll&#39;errsio</span> <span class='ocrx_word' id='word_1_273' title='bbox 1195 3877 1301 3940; x_wconf 90' lang='lat' dir='ltr'>omnis</span> <span class='ocrx_word' id='word_1_274' title='bbox 1320 3887 1436 3938; x_wconf 77' lang='lat' dir='ltr'>murata·</span> <span class='ocrx_word' id='word_1_275' title='bbox 1487 3896 1492 3907; x_wconf 94' lang='lat'>·</span> 
     </span>
     <span class='ocr_line' id='line_1_34' title="bbox 316 3979 1434 4066; baseline -0.008 -24"><span class='ocrx_word' id='word_1_276' title='bbox 316 3984 487 4064; x_wconf 83' lang='lat' dir='ltr'>prosodiae</span> <span class='ocrx_word' id='word_1_277' title='bbox 512 3983 683 4046; x_wconf 83' lang='lat' dir='ltr'>diluhutur.</span> <span class='ocrx_word' id='word_1_278' title='bbox 731 3984 797 4047; x_wconf 78' lang='lat' dir='ltr'>Nec</span> <span class='ocrx_word' id='word_1_279' title='bbox 822 3984 945 4066; x_wconf 83' lang='lat' dir='ltr'>desunt,</span> <span class='ocrx_word' id='word_1_280' title='bbox 970 4006 1051 4066; x_wconf 86' lang='lat' dir='ltr'>quae</span> <span class='ocrx_word' id='word_1_281' title='bbox 1075 3983 1169 4047; x_wconf 85' lang='lat' dir='ltr'>fidem</span> <span class='ocrx_word' id='word_1_282' title='bbox 1193 3983 1267 4048; x_wconf 91' lang='lat' dir='ltr'>huie</span> <span class='ocrx_word' id='word_1_283' title='bbox 1291 3979 1434 4047; x_wconf 68' lang='lat' dir='ltr'>ratissim-</span> 
     </span>
     <span class='ocr_line' id='line_1_35' title="bbox 317 4089 1294 4172; baseline 0.001 -21"><span class='ocrx_word' id='word_1_284' title='bbox 317 4089 399 4153; x_wconf 88' lang='lat' dir='ltr'>tiuni</span> <span class='ocrx_word' id='word_1_285' title='bbox 423 4090 554 4171; x_wconf 82' lang='lat' dir='ltr'>faciant,</span> <span class='ocrx_word' id='word_1_286' title='bbox 579 4091 628 4153; x_wconf 88' lang='lat' dir='ltr'>vel</span> <span class='ocrx_word' id='word_1_287' title='bbox 653 4091 792 4172; x_wconf 70' lang='lat' dir='ltr'>gemella</span> <span class='ocrx_word' id='word_1_288' title='bbox 816 4092 865 4152; x_wconf 90' lang='lat' dir='ltr'>vel</span> <span class='ocrx_word' id='word_1_289' title='bbox 890 4091 1001 4154; x_wconf 88' lang='lat' dir='ltr'>al&#39;liniu</span> <span class='ocrx_word' id='word_1_290' title='bbox 1026 4095 1180 4172; x_wconf 77' lang='lat' dir='ltr'>(plantum</span> <span class='ocrx_word' id='word_1_291' title='bbox 1206 4091 1294 4154; x_wconf 82' lang='lat' dir='ltr'>satis.</span> 
     </span>
    </p>
   </div>
   <div class='ocr_carea' id='block_1_3' title="bbox 407 4193 1497 4281">
    <p class='ocr_par' dir='ltr' id='par_1_5' title="bbox 407 4193 1497 4281">
     <span class='ocr_line' id='line_1_36' title="bbox 407 4193 1497 4281; baseline -0.006 -23"><span class='ocrx_word' id='word_1_292' title='bbox 407 4197 453 4259; x_wconf 72' lang='grc' dir='ltr'>Λα</span> <span class='ocrx_word' id='word_1_293' title='bbox 478 4198 616 4279; x_wconf 87' lang='lat' dir='ltr'>primum</span> <span class='ocrx_word' id='word_1_294' title='bbox 642 4201 769 4281; x_wconf 88' lang='lat' dir='ltr'>quidem</span> <span class='ocrx_word' id='word_1_295' title='bbox 793 4198 955 4262; x_wconf 88' lang='lat' dir='ltr'>hiantium</span> <span class='ocrx_word' id='word_1_296' title='bbox 985 4198 1160 4262; x_wconf 83' lang='lat' dir='ltr'>formarum</span> <span class='ocrx_word' id='word_1_297' title='bbox 1185 4221 1248 4262; x_wconf 91' lang='lat' dir='ltr'>non</span> <span class='ocrx_word' id='word_1_298' title='bbox 1273 4201 1317 4260; x_wconf 88' lang='lat' dir='ltr'>est</span> <span class='ocrx_word' id='word_1_299' title='bbox 1340 4193 1434 4257; x_wconf 85' lang='lat' dir='ltr'>mirm-</span> <span class='ocrx_word' id='word_1_300' title='bbox 1492 4195 1497 4211; x_wconf 92' lang='lat'>&#39;</span> 
     </span>
    </p>
   </div>
   <div class='ocr_carea' id='block_1_4' title="bbox 317 4293 1494 4601">
    <p class='ocr_par' dir='ltr' id='par_1_6' title="bbox 317 4293 1494 4601">
     <span class='ocr_line' id='line_1_37' title="bbox 317 4293 1433 4388; baseline -0.007 -26"><span class='ocrx_word' id='word_1_301' title='bbox 317 4299 392 4364; x_wconf 90' lang='lat' dir='ltr'>dum</span> <span class='ocrx_word' id='word_1_302' title='bbox 416 4293 506 4366; x_wconf 89' lang='lat' dir='ltr'>nulla</span> <span class='ocrx_word' id='word_1_303' title='bbox 530 4307 674 4388; x_wconf 85' lang='lat' dir='ltr'>exemplu</span> <span class='ocrx_word' id='word_1_304' title='bbox 706 4330 757 4369; x_wconf 84' lang='lat' dir='ltr'>cas</span> <span class='ocrx_word' id='word_1_305' title='bbox 786 4306 1028 4388; x_wconf 77' lang='lat' dir='ltr'>coniugationes</span> <span class='ocrx_word' id='word_1_306' title='bbox 1060 4305 1266 4388; x_wconf 84' lang='lat' dir='ltr'>suppeditare</span> <span class='ocrx_word' id='word_1_307' title='bbox 1290 4324 1362 4388; x_wconf 71' lang='lat' dir='ltr'>«puae</span> <span class='ocrx_word' id='word_1_308' title='bbox 1386 4315 1433 4358; x_wconf 82' lang='lat' dir='ltr'>ur·</span> 
     </span>
     <span class='ocr_line' id='line_1_38' title="bbox 317 4408 1430 4494; baseline -0.005 -24"><span class='ocrx_word' id='word_1_309' title='bbox 317 4408 430 4470; x_wconf 89' lang='lat' dir='ltr'>burum</span> <span class='ocrx_word' id='word_1_310' title='bbox 465 4411 581 4494; x_wconf 80' lang='lat' dir='ltr'>stirpes</span> <span class='ocrx_word' id='word_1_311' title='bbox 614 4435 629 4474; x_wconf 78' lang='lat' dir='ltr'>e</span> <span class='ocrx_word' id='word_1_312' title='bbox 662 4417 691 4474; x_wconf 85' lang='lat' dir='ltr'>et</span> <span class='ocrx_word' id='word_1_313' title='bbox 728 4415 738 4472; x_wconf 85' lang='lat' dir='ltr'>i</span> <span class='ocrx_word' id='word_1_314' title='bbox 775 4413 939 4476; x_wconf 82' lang='lat' dir='ltr'>vocalibus</span> <span class='ocrx_word' id='word_1_315' title='bbox 973 4413 1163 4475; x_wconf 86' lang='lat' dir='ltr'>terminatas</span> <span class='ocrx_word' id='word_1_316' title='bbox 1196 4412 1430 4494; x_wconf 76' lang='lat' dir='ltr'>complectamur.</span> 
     </span>
     <span class='ocr_line' id='line_1_39' title="bbox 317 4513 1494 4601; baseline -0.006 -23"><span class='ocrx_word' id='word_1_317' title='bbox 317 4515 408 4592; x_wconf 58' lang='lat' dir='ltr'>(duod</span> <span class='ocrx_word' id='word_1_318' title='bbox 434 4524 545 4581; x_wconf 85' lang='lat' dir='ltr'>contra</span> <span class='ocrx_word' id='word_1_319' title='bbox 570 4518 648 4580; x_wconf 86' lang='lat' dir='ltr'>haec</span> <span class='ocrx_word' id='word_1_320' title='bbox 678 4519 776 4580; x_wconf 76' lang='lat' dir='ltr'>hahes</span> <span class='ocrx_word' id='word_1_321' title='bbox 805 4519 837 4582; x_wconf 88' lang='lat' dir='ltr'>iu</span> <span class='ocrx_word' id='word_1_322' title='bbox 866 4542 900 4582; x_wconf 84' lang='lat' dir='ltr'>ea</span> <span class='ocrx_word' id='word_1_323' title='bbox 932 4541 1012 4601; x_wconf 69' lang='lat' dir='ltr'>(pure</span> <span class='ocrx_word' id='word_1_324' title='bbox 1037 4519 1074 4580; x_wconf 66' lang='lat' dir='ltr'>uel</span> <span class='ocrx_word' id='word_1_325' title='bbox 1100 4541 1120 4580; x_wconf 85' lang='lat' dir='ltr'>u</span> <span class='ocrx_word' id='word_1_326' title='bbox 1145 4520 1287 4584; x_wconf 86' lang='lat' dir='ltr'>vocalem</span> <span class='ocrx_word' id='word_1_327' title='bbox 1310 4513 1429 4599; x_wconf 77' lang='lat' dir='ltr'>perum</span> <span class='ocrx_word' id='word_1_328' title='bbox 1489 4516 1494 4541; x_wconf 91' lang='lat'>¹</span> 
     </span>
    </p>
   </div>
   <div class='ocr_carea' id='block_1_5' title="bbox 0 0 1508 5118">
    <p class='ocr_par' dir='ltr' id='par_1_7' title="bbox 0 0 1508 5118">
     <span class='ocr_line' id='line_1_40' title="bbox 0 0 1508 5118; baseline 0 2"><span class='ocrx_word' id='word_1_329' title='bbox 0 0 1508 5118; x_wconf 95' lang='lat' dir='ltr'> </span> 
     </span>
    </p>
   </div>
  </div>
 </body>
</html>
