2984 5122
418 399 675 448 escensurum
699 400 720 446 r.
743 400 778 450 rr.
1103 381 1167 446 509

49 543 105 606 eius
129 539 307 606 enuntiandi
336 541 563 625 ambiguitatis
592 544 625 604 et
651 543 819 625 tamquam
846 540 1079 606 mediocritatis
1102 562 1168 605 cer-

48 653 103 712 tum
122 653 226 714 notam
249 646 508 734 agrammaticis
537 669 608 712 esse
635 646 799 711 iuventam
823 646 1051 732 intellegimus,
1078 647 1169 711 cuius

48 756 134 838 primo
155 776 236 820 nunc
258 755 451 821 documento
475 776 625 820 nummus
649 754 705 818 ille
724 752 867 819 Cossutii
891 752 1066 819 Maridiaui
1089 751 1169 819 Gae-

47 863 174 928 sariauus
191 861 320 949 prodiit
353 862 467 948 Neque
486 861 690 926 animalium
709 861 775 926 vim
793 883 865 926 esse
883 861 985 926 mirae
999 860 1114 926 Paua
1126 859 1169 924 :S

46 970 202 1054 scripturae
223 969 413 1035 Fabrettius
436 967 578 1054 pervidit
601 989 734 1053 prorsus
756 967 979 1052 probabiliter.
1015 966 1084 1033 Nec
1102 967 1169 1032 tale

46 1077 209 1142 institutum
232 1077 406 1142 mirabitur
429 1076 497 1162 qui,
521 1079 601 1160 quot
619 1075 757 1140 artificia
780 1073 985 1162 grammatici
1009 1073 1104 1139 latini
1128 1075 1169 1138 ad

45 1185 263 1269 exaequandam
282 1207 354 1250 cum
373 1184 449 1250 risa
466 1205 545 1248 voce
563 1183 784 1248 litteraturam
803 1181 1058 1268 excogitaverint
1072 1202 1169 1266 quau·

44 1297 125 1376 teque
152 1293 184 1358 in
212 1293 274 1358 hoc
302 1311 420 1376 genere
448 1290 557 1356 studio
585 1290 838 1375 elaboraverint,
873 1289 1068 1354 meminerit:
1105 1311 1169 1373 quo

42 1403 154 1481 praeter
174 1399 238 1465 alia
261 1405 295 1464 et
319 1399 497 1484 geminatio
517 1397 678 1464 vocalium
700 1397 842 1483 pertinet
865 1399 898 1462 et
917 1396 1075 1481 aspiratio
1095 1417 1169 1462 eou-

43 1506 208 1572 souantium
236 1497 309 1571 etl
332 1507 449 1592 longae
477 1505 623 1570 inventio
652 1509 685 1572 et
712 1505 758 1570 El
786 1504 982 1590 diphthongi
1010 1525 1170 1570 commen-

43 1609 116 1676 datio
137 1615 168 1676 et
190 1613 293 1696 apicis
317 1634 393 1678 usus
417 1617 450 1677 et
469 1611 599 1696 sicilici,
622 1612 701 1677 item
721 1631 856 1696 graecae
875 1612 904 1676 Υ
922 1611 1064 1676 litterae:
1087 1610 1170 1676 nihil

42 1723 71 1780 ut
90 1718 124 1782 de
145 1719 264 1785 litteris
290 1716 477 1784 Claudianis
501 1719 616 1784 dicam.
663 1717 732 1784 Nec
754 1718 807 1782 vel
831 1718 931 1784 aetati
955 1715 1170 1783 Caesarianae

42 1823 83 1888 vel
107 1825 309 1891 nobilissimo
339 1825 553 1913 grammatico
582 1821 715 1890 Caesari
745 1823 809 1909 ipsi
841 1824 958 1889 talium
990 1823 1170 1890 studiorum

42 1931 297 2018 consiliorumque
330 1935 508 1998 sectatores
543 1936 639 2016 atque
671 1931 853 1996 administri
882 1931 1025 1997 defuere:
1058 1929 1171 2016 quales

41 2035 209 2104 Cornelium
227 2037 409 2122 Epicadum
433 2061 527 2104 suum
552 2037 644 2102 Sulla
665 2035 790 2122 babuit,
812 2037 974 2103 Lenaeum
988 2035 1171 2120 Pompeius,

41 2143 191 2230 Augustus
215 2145 368 2212 Verrium
391 2145 552 2211 Flaccum.
589 2143 638 2210 De
662 2144 815 2229 quoiam
833 2143 938 2209 Musei
956 2143 1059 2208 Rheu.
1083 2146 1106 2208 t.
1124 2139 1171 2206 IX

39 2273 63 2333 p.
82 2254 119 2316 14
146 2255 259 2338 [supra
287 2277 317 2338 p.
337 2253 417 2335 227]
446 2253 722 2338 significabamus,
755 2250 947 2335 explicatius
980 2249 1057 2314 alibi
1085 2272 1170 2315 eom-

40 2361 251 2424 mentabimur.

493 2575 705 2584 ————-

389 2789 698 2884 Supplementum
726 2785 811 2886 Il.*)

364 2943 445 3014 (Cum
467 2944 566 3000 tabula
589 2943 842 3014 lithographa**)l·

113 3109 292 3195 Epriscae
321 3107 494 3176 latinitatis
521 3107 642 3192 titulis,
671 3107 727 3191 qui
749 3105 827 3171 nori
850 3105 884 3170 in
907 3109 1061 3190 promptu
1085 3107 1170 3189 sunt,
1187 3132 1226 3174 m

38 3235 84 3278 cos
104 3221 169 3281 tres
192 3216 258 3282 boe
283 3215 386 3281 altero
410 3213 716 3300 supplementorum
744 3211 901 3278 fasciculo
925 3211 1058 3294 sociari,
1091 3233 1172 3297 quos

37 3320 155 3387 tabulae
177 3323 275 3388 unius
299 3323 425 3392 ambitu
452 3321 618 3388 commode
646 3342 742 3406 posse
769 3316 999 3403 comprehendi
1021 3317 1173 3384 riderem.

37 3427 147 3495 Eorum
169 3431 329 3517 primum,
350 3431 397 3515 A,
419 3430 563 3496 noudum
586 3430 706 3495 editum
729 3428 764 3492 in
784 3426 836 3492 his
855 3427 965 3510 terris,
989 3425 1111 3509 sumpsi
1135 3447 1173 3489 er

38 3532 102 3601 Iulii
125 3537 314 3603 Minervinii
336 3535 540 3602 ‘Bullettiuo’
564 3533 810 3619 arehaeologico
834 3533 959 3616 Italico,
989 3532 1043 3596 ubi
1069 3553 1172 3597 erem-

38 3640 85 3724 ple
112 3621 353 3732 chalebgraphe
382 3665 550 3730 expressus
578 3646 628 3707 est
656 3641 691 3706 in
717 3641 785 3705 tab.
809 3639 879 3704 add.
901 3640 933 3704 A
961 3638 1134 3704 voluminis
1157 3637 1173 3702 I

38 3745 118 3830 (anui
142 3750 258 3838 1861),
285 3751 406 3817 fusiore
434 3747 668 3816 commentario
697 3751 866 3812 enarratas
895 3743 1106 3810 aDominico
1135 3744 1174 3810 de

38 3851 226 3924 Guidobaldi
249 3857 326 3923 ibid.
349 3881 379 3942 p.
401 3857 464 3922 113
484 3879 553 3942 sqq.
578 3859 610 3920 et
636 3855 697 3920 129
718 3876 800 3939 sqq,
827 3852 931 3918 denuo
954 3851 1067 3936 paucis
1090 3855 1174 3916 trac

38 3963 118 4028 tetus
140 3987 160 4030 a
182 3963 351 4049 Raphaele
368 3963 544 4030 Garruecio
568 3985 597 4047 p.
616 3963 678 4027 165
699 3961 747 4044 [C.
761 3961 785 4026 I.
800 3961 834 4026 L.
854 3961 870 4026 Ι
889 3982 920 4025 n.
938 3961 1022 4024 1505
1040 3982 1070 4044 p.
1086 3961 1174 4041 559}

38 4065 188 4152 Repertus
213 4075 264 4136 est
287 4070 403 4136 titulus
427 4071 461 4134 in
480 4070 551 4156 agri
566 4067 701 4134 Caleni
727 4091 765 4132 ea
787 4071 880 4152 parte
904 4067 953 4131 eui
972 4067 1035 4130 vieo
1050 4063 1174 4130 Palatio

117 4245 354 4318 ³)[Preoemium
381 4245 484 4302 Indicis
512 4246 671 4301 scholarum
699 4244 870 4300 aestivarum
898 4241 1086 4296 &anensium
1109 4241 1175 4296 anui
1305 4272 1308 4280 ·

40 4327 291 4390 olorocccaxffl.
327 4335 429 4408 G.W.]

40 4509 84 4564 m
101 4423 142 4566 ’ἓ
160 4423 249 4583 [lelpu
261 4423 328 4480 huic
342 4423 572 4480 commentationi
586 4424 694 4480 adnexa
712 4422 812 4478 tabula
830 4437 902 4476 nuuc
921 4413 1054 4475 sub'XVI
1074 4421 1177 4478 iterata
