2984 5122
337 367 402 432 500
567 389 711 437 amsans
736 389 963 438 unrnumms
985 386 1246 437 nmoaarmcna

335 527 379 590 45
399 534 571 595 memoret:
595 553 733 614 quocum
753 554 819 597 non
838 554 969 597 necesse
989 535 1038 596 est
1056 551 1203 616 pugnare
1212 528 1362 592 Victorem
1378 527 1437 590 credi

336 631 515 715 ‘peculatus
540 635 641 700 reum'
660 638 898 721 perhibentem:
921 661 997 705 nam
1012 638 1124 703 Livius
1144 635 1282 721 quidem,
1298 635 1345 719 qui
1358 633 1438 696 iudicii

335 739 425 803 illius
463 746 559 826 atque
598 741 817 810 damnationis
850 746 1047 810 mentionem
1081 749 1132 809 ter
1167 743 1262 808 inicit
1295 739 1387 820 XXII,
1406 740 1440 800 35.

336 845 475 931 XXVII,
502 849 553 912 34.
591 849 715 934 XXIX,
739 853 791 936 37,
824 874 972 918 caussam
1006 851 1179 916 accusandi
1206 869 1355 933 nusquam
1380 845 1441 908 dicit.
1478 925 1479 936 ἵ

336 951 461 1018 Horum
490 955 590 1038 igitur
612 957 876 1023 testimoniorum
907 959 1140 1024 obscuritatem
1164 980 1221 1023 suo
1246 977 1324 1021 unus
1344 954 1442 1038 quiqu

337 1081 434 1124 seusu
458 1062 635 1126 arbitretur
658 1065 734 1149 quid
757 1065 865 1130 valere
889 1070 1003 1131 contra
1022 1065 1201 1150 simplicem
1221 1067 1389 1145 certamque
1403 1057 1443 1121 Pc-

337 1165 420 1248 lybii
440 1171 666 1236 auctoritatem
687 1171 785 1236 dicat:
810 1172 861 1237 cui
881 1175 996 1238 saltem
1015 1177 1145 1238 tantum
1164 1193 1260 1236 nemo
1279 1192 1340 1234 non
1356 1167 1443 1231 tribuet

337 1274 414 1356 quin
437 1276 560 1357 primas
584 1283 693 1360 partes
718 1300 835 1363 easque
859 1280 957 1364 longe
981 1279 1214 1364 splendidiores
1234 1277 1332 1342 fuisse
1350 1271 1444 1338 aemili

337 1379 445 1444 Paulli
470 1381 531 1446 sibi
555 1385 762 1469 persuadeat,
785 1386 868 1450 Livii
890 1391 1011 1470 autem,
1036 1386 1063 1451 si
1088 1386 1184 1451 modo
1208 1384 1317 1468 aliquo
1338 1387 1445 1462 empore

336 1487 501 1571 particeps
525 1489 587 1554 fuit
611 1491 704 1575 belli,
727 1498 797 1557 tam
820 1515 897 1576 prae
921 1493 987 1558 illis
1006 1494 1139 1579 exiguas
1159 1496 1209 1575 ut,
1233 1513 1290 1555 cur
1308 1511 1345 1554 nc
1360 1487 1445 1551 haben·

337 1593 386 1656 dis
417 1597 558 1660 comitiis
592 1599 720 1681 quidem
753 1605 883 1684 praesto
915 1622 985 1665 esse
1012 1599 1136 1664 Romae
1168 1598 1324 1683 potuerit,
1352 1592 1445 1658 criden

336 1723 451 1765 caussa
473 1725 540 1769 non
565 1710 728 1789 appareat.
765 1706 887 1772 Verum
912 1713 983 1773 esto
1007 1711 1044 1771 ut
1065 1708 1120 1771 ille
1143 1728 1210 1770 non
1234 1703 1384 1770 adiuverit
1401 1716 1447 1761 tau-

335 1812 405 1871 tum
428 1809 577 1874 Paullum
605 1813 639 1875 in
668 1813 858 1879 debellando
882 1814 1064 1898 Demetrio,
1093 1814 1147 1878 sed
1175 1834 1250 1879 cum
1279 1811 1380 1876 eodem
1403 1807 1447 1869 eius

336 1915 496 1999 triumphi
519 1917 676 1983 honorem
701 1921 987 1986 communicaverit
1010 1943 1104 2006 quem
1128 1921 1184 1984 uni
1209 1918 1347 1984 Aemilio
1368 1912 1447 1980 Palu

335 2020 494 2104 Polybius
528 2024 627 2089 etiam
661 2027 763 2092 altero
794 2028 933 2111 quodam
962 2027 1152 2094 testimonio
1179 2026 1298 2091 tribuit
1325 2021 1398 2108 quod
1418 2032 1448 2081 est

336 2129 411 2192 libri
429 2129 476 2192 lV
497 2153 521 2194 c.
538 2132 580 2196 66
600 2129 695 2216 (κατὰ
719 2136 754 2198 δὲ
779 2136 837 2200 τὸν
862 2137 973 2214 καιρὸν
996 2139 1113 2200 τοῦτον
1133 2133 1273 2213 Αἰμίλιοι
1297 2133 1331 2196 ἐκ
1351 2135 1397 2208 τῇ(
1415 2126 1448 2188 ll·

337 2235 464 2313 λυρίθοι
488 2239 590 2316 εἰεῆγε
616 2244 769 2320 λαμπρῶς
795 2243 840 2307 εἰ(
863 2246 922 2322 τὴν
940 2243 1067 2322 Ῥώμην
1090 2241 1148 2305 τὸν
1172 2237 1352 2323 θρίαμβον);
1372 2256 1405 2298 ne
1422 2231 1448 2293 sic

337 2341 467 2425 quidem
496 2345 674 2410 dictaturae
702 2349 932 2413 necessitatem
960 2348 1061 2412 ullam
1091 2348 1191 2412 fuisse
1215 2345 1390 2429 intelleges,
1414 2337 1447 2400 uli

338 2448 378 2512 ad
411 2453 560 2533 tempora
593 2454 677 2536 gesti
714 2455 792 2519 belli
824 2454 965 2537 Polybio
1004 2453 1082 2519 duce
1120 2453 1265 2518 animum
1301 2445 1448 2514 maeroris>

338 2553 464 2640 Quippe
493 2558 566 2622 ὑπὸ
594 2561 661 2638 τὴν
690 2560 834 2639 ὡραίαν
860 2561 993 2626 Λεύκιον
1016 2562 1074 2625 τὸν
1098 2560 1241 2638 Αἰμίλιον
1264 2558 1448 2624 irancuum

337 2665 416 2741 μετὰ
439 2665 605 2745 δυνάμεως
637 2669 689 2732 ἐπὶ
713 2670 768 2732 τὰ(
793 2669 873 2732 κατὰ
896 2671 956 2747 τὴν
979 2667 1135 2746 Ἰλλυρίδα
1159 2665 1288 2745 πράξειε
1315 2663 1407 2747 capite
1425 2657 1449 2720 ll

337 2774 434 2853 teste,
467 2773 654 2851 ληγούεηε
684 2777 719 2838 δὲ
747 2777 807 2855 ἤδη
836 2780 901 2856 τῆς
931 2775 1082 2854 θερείαε
1111 2775 1156 2838 εί(
1179 2775 1239 2852 τὴν
1261 2772 1378 2850 Ῥώμην
1396 2769 1447 2830 ἐπα·

336 2881 432 2954 νῆλθε
456 2880 508 2942 καὶ
530 2883 589 2958 τὴν
609 2879 735 2944 εἴεοδον
755 2881 927 2961 ἐποιήεατο
948 2882 1027 2959 μετὰ
1047 2879 1203 2960 θριάμβου
1223 2880 1275 2943 καὶ
1291 2885 1344 2956 τῆι
1360 2875 1449 2946 tritu

336 2983 480 3049 εὐδοξία(
509 3007 534 3050 c.
557 2987 606 3050 19.
651 2987 741 3071 Ergo
769 2987 810 3051 ab
840 2987 927 3051 exitu
959 2988 1095 3052 aestatis
1124 2986 1205 3050 satis
1234 2985 1371 3069 profecto
1394 2983 1448 3041 aa·
1477 3025 1482 3078 p

335 3091 424 3173 poris
448 3092 599 3157 relictum
624 3098 705 3177 erat,
731 3116 794 3178 quo
820 3094 968 3158 consules
992 3094 1107 3159 fierent
1130 3093 1237 3157 idibus
1258 3089 1376 3157 Martiis
1396 3081 1447 3148 anui
1480 3101 1482 3164 Α

335 3198 477 3279 proximi
499 3221 617 3264 munus
642 3199 834 3284 suscepturi.
1481 3177 1482 3194 ί

425 3304 533 3387 Atque
552 3306 677 3370 talibus
698 3306 811 3390 quales
827 3307 1047 3389 pertexuimus
1066 3304 1363 3371 ratiocinationibus
1377 3297 1446 3362 etiau

338 3407 506 3493 Sigonium
536 3417 660 3475 motum
690 3435 760 3477 esse
790 3414 1006 3496 suspicamur,
1039 3416 1075 3476 ut
1102 3410 1148 3474 ‘re
1176 3411 1209 3476 in
1238 3432 1345 3476 omues
1368 3412 1446 3491 parte·

338 3516 392 3579 diu
417 3517 620 3601 multumque
644 3517 784 3583 versata'
805 3518 922 3602 (ipsius
941 3519 1040 3582 verba
1058 3515 1148 3602 sunt)
1171 3517 1205 3580 in
1226 3539 1310 3583 auno
1327 3515 1381 3580 533
1395 3507 1444 3572 sul

341 3623 472 3688 sisteret
491 3625 541 3688 cui
556 3624 650 3688 Fabii
665 3625 859 3690 dictaturam
878 3625 1074 3708 adsignaret,
1097 3623 1262 3707 profectus
1281 3624 1332 3688 ille
1349 3611 1443 3685 abelli

338 3729 507 3795 Histrici
537 3731 737 3816 cogitatione
766 3754 828 3815 quo
858 3731 1018 3814 implicati
1042 3730 1190 3796 consules
1219 3731 1262 3795 ab
1289 3729 1362 3794 urbe
1380 3719 1443 3788 uluis

339 3843 420 3902 sent.
463 3838 566 3913 Quam
590 3839 719 3922 quidem
744 3841 962 3904 coniecturam
985 3838 1152 3903 fatendum
1181 3841 1231 3902 eat
1253 3840 1369 3902 tantum
1386 3847 1443 3892 eou-

338 3945 556 4010 mendationis
586 3946 705 4010 habere
735 3949 891 4030 quantum
921 3946 971 4010 cui
995 3946 1076 4009 nibil
1102 3945 1218 4010 obstet
1263 3935 1440 4028 nequeenim

290 4075 324 4114 rx
339 4052 377 4114 de
402 4053 473 4135 ipso
497 4053 583 4118 bello
608 4053 665 4117 illo
689 4054 763 4137 plus
788 4056 989 4136 compertum
1014 4052 1172 4116 habemus
1195 4073 1290 4136 quam
1308 4072 1327 4114 a
1342 4039 1440 4112 consuli·

339 4159 398 4221 bus
429 4159 613 4224 ambobus
643 4161 677 4225 Ρ.
697 4159 848 4225 Cornelio
878 4158 920 4222 M.
943 4157 1087 4224 Minucio
1116 4157 1165 4243 (L.
1189 4155 1224 4242 f.)
1258 4161 1369 4242 gestum
1391 4165 1439 4209 θ’

339 4269 422 4328 teste
437 4264 563 4328 Zonara
587 4266 607 4330 l.
627 4289 651 4330 s.
672 4290 709 4346 a,
734 4267 789 4350 qui
812 4267 886 4330 illos
912 4265 990 4329 dicit
1013 4266 1120 4330 πολλὰ
1141 4269 1210 4331 τῶν
1232 4266 1295 4330 ἐκεῖ
1314 4261 1395 4326 ἐθνῶν
1412 4249 1438 4310 sl

340 4372 396 4448 μἐν
420 4375 551 4455 πολέμῳ
575 4374 614 4436 τὰ
638 4375 672 4436 δὲ
698 4373 884 4452 ὁμολογίαι(
906 4371 1075 4450 ὑποτάξαι,
1099 4375 1227 4457 gestum
1246 4373 1339 4436 autem
1356 4357 1437 4426 ‘mulo

339 4476 558 4540 Romanorum
574 4478 743 4562 sanguine'
756 4479 918 4562 Eutropio
938 4479 1002 4563 Ill,
1017 4480 1035 4542 'l
1060 4477 1239 4565 Orosioque
1252 4475 1305 4558 IV,
1316 4473 1347 4536 13
1360 4481 1435 4531 aucte
