3020 5118
402 389 656 438 counaursrro
681 390 795 436 nerea.
1109 373 1169 438 187

54 533 206 598 subruisse
228 533 403 618 Lipsioque
427 531 607 598 innotuisse
629 537 778 616 apparet,
808 555 849 598 ue
876 533 1066 617 ecquidem
1089 555 1170 618 quae

53 663 106 705 eum
118 637 315 706 Pauriniano
334 639 419 706 libro
438 639 573 725 vulgata
596 660 666 704 esse
685 643 760 704 ante
779 638 859 722 diri,
883 640 937 704 ubi
957 641 1057 706 multo
1076 639 1171 726 plura

51 769 124 831 quam
146 768 165 810 a
187 743 299 830 Lipsio
327 749 413 810 recte
442 745 591 827 expedita
619 747 704 810 sunt.
749 743 916 810 Tredecim
945 744 1073 810 demum
1097 749 1173 830 post

50 855 121 920 anuis
147 853 265 937 integri
293 851 383 917 tituli
406 852 527 916 Itomae
556 875 576 916 a
603 875 637 916 se
665 853 851 937 transcripti
879 852 1062 936 exemplum
1090 852 1170 917 inte-

48 981 131 1045 grum,
152 981 350 1044 quamquam
373 958 453 1024 illud
475 959 509 1024 in
532 959 683 1025 extremis
712 959 857 1024 versibus
886 959 1171 1044 neglegentissime

49 1069 161 1151 fartum,
184 1067 269 1132 idem
288 1065 419 1150 Lipsius
442 1067 619 1150 publicarit
642 1068 675 1131 in
699 1089 758 1132 suo
781 1067 821 1132 ad
846 1065 960 1131 Smetii
983 1066 1171 1150 Inscriptio·

47 1198 90 1240 nes
105 1175 258 1240 Acontio
282 1197 366 1238 anno
386 1191 639 1242 clolonmvlu
663 1173 763 1239 edito:
787 1173 882 1244 simul
905 1177 1012 1238 autam
1032 1173 1172 1238 alterum

47 1282 206 1365 exemplum
230 1280 320 1345 tituli
343 1281 446 1346 multo
469 1279 595 1364 plenius
624 1303 721 1366 quam
745 1281 824 1346 olim
848 1282 1032 1346 coniectura
1061 1301 1171 1344 recon-

47 1389 148 1453 cinnati
177 1385 316 1472 addidit,
347 1388 410 1452 nisi
439 1386 525 1472 quod
553 1387 606 1453 hic
635 1410 761 1474 qnoque
785 1393 947 1454 extremos
971 1409 1083 1453 versus
1106 1409 1171 1454 non

47 1496 146 1582 attigit.
191 1493 285 1560 Vnde
313 1499 483 1580 utrumque
512 1495 544 1560 in
573 1517 666 1559 suum
691 1492 816 1578 Corpus
846 1495 1033 1560 Gruterus
1064 1495 1084 1560 l.
1104 1519 1128 1561 s.
1147 1518 1172 1560 s.

47 1604 162 1687 recepit,
185 1603 446 1670 reconcinnatum
467 1601 564 1666 etiam
585 1601 772 1666 Graevius
797 1602 927 1667 iteravit
945 1602 1040 1669 Thes.
1061 1603 1172 1690 Antiq.

46 1709 116 1773 th
139 1733 169 1794 p.
190 1711 284 1776 1831.
317 1708 466 1774 Ceterum
495 1731 558 1774 nou
583 1730 655 1774 eam
679 1707 781 1792 Lipsii
809 1709 843 1774 in
872 1709 934 1774 hoc
962 1731 1078 1792 genere
1101 1709 1171 1774 dili·

46 1817 170 1898 gentiam
202 1817 315 1898 fuisse,
348 1820 384 1880 ut
416 1838 481 1882 non
511 1816 730 1900 compluribus
763 1817 796 1880 in
830 1815 910 1880 locis
938 1817 1018 1882 satis
1046 1817 1174 1882 diversa

46 1923 75 1986 de
93 1924 261 2009 superstite
286 1923 445 2009 scriptura
472 1927 505 1987 et
532 1924 612 1988 haec
636 1923 699 1988 duo
728 1921 874 2008 exempla
901 1927 934 1986 et
961 1945 1070 1989 rursus
1094 1923 1173 1990 illud

46 2029 116 2112 quod
138 2029 213 2096 olim
238 2029 384 2095 ediderat
407 2031 575 2113 testentur,
602 2029 687 2094 inira
715 2031 894 2115 apparebit.
941 2029 978 2095 ln
1002 2031 1200 2116 supplendis

46 2139 136 2201 sutem
158 2159 256 2221 opera
279 2157 357 2202 num
380 2137 462 2202 forte
486 2136 597 2220 Lipsio
622 2136 855 2203 Panviniauum
880 2137 1062 2222 exemplum
1082 2160 1174 2222 pree·

46 2247 89 2306 sto
114 2244 220 2322 tuerit,
252 2267 390 2328 quocum
423 2247 533 2309 tamen
562 2246 672 2328 paucis
703 2249 828 2310 tanturn
857 2245 890 2310 in
919 2245 999 2310 loeis
1028 2244 1076 2308 illi
1101 2267 1174 2310 con·

46 2349 132 2432 seuit,
153 2372 217 2416 non
242 2351 347 2436 magis
370 2373 466 2435 quam
489 2351 571 2416 illud
590 2350 792 2435 exploratum
815 2355 874 2434 est,
897 2374 974 2416 uum
993 2349 1070 2436 quid
1089 2349 1173 2415 forte

45 2455 177 2540 ePighii
199 2457 286 2521 curis
310 2479 369 2541 per
392 2457 518 2522 litteren
548 2461 584 2522 ut
608 2459 644 2522 lit
668 2479 775 2523 secum
799 2457 1046 2524 communicatis
1065 2455 1173 2542 (quale

45 2561 111 2626 illud
141 2563 178 2628 de
210 2563 460 2629 EXFOCION'I'
492 2565 555 2630 fuit
591 2566 675 2650 quod
712 2589 810 2650 supra
841 2564 952 2652 tetigi)
988 2563 1173 2648 profecerit:

45 2671 155 2750 quando
181 2674 248 2736 tarn
282 2671 386 2736 multe
413 2693 513 2756 eaque
546 2693 585 2736 ex
617 2677 709 2756 parte
737 2677 805 2736 tam
836 2673 1017 2758 singularia
1044 2671 1173 2755 Lipsius

47 2773 227 2863 Pighiusque
251 2779 435 2844 communia
457 2779 579 2844 habent
607 2783 653 2862 nt,
681 2779 743 2843 etsi
770 2783 920 2844 neutrum
949 2783 1062 2844 neuter
1089 2799 1173 2842 com·

47 2889 199 2968 memoret,
232 2889 344 2949 tamen
370 2908 437 2951 non
465 2887 570 2970 possit
597 2885 786 2950 alterutrius
815 2887 947 2952 inventa
975 2886 1057 2950 alter
1083 2885 1174 2969 iguo·

47 3011 130 3056 rasse.
171 2990 257 3056 Nam
280 2990 435 3076 Lipsiano
460 2992 615 3058 ductario
643 2993 705 3056 etsi
734 2992 839 3076 potuit
868 3015 944 3056 sane
971 2991 1118 3076 Pighius,
1148 2989 1173 3054 si

48 3101 109 3178 post
133 3121 251 3164 annum
280 3116 530 3166 clolonxxxvnl
565 3099 741 3182 scribebat,
771 3098 937 3164 commode
971 3097 1033 3181 uti,
1066 3101 1174 3161 tamen

48 3201 187 3270 dubitatio
221 3203 296 3269 inde
327 3205 485 3292 nascitur,
518 3205 602 3290 (prod
635 3210 701 3270 tam
734 3227 838 3288 pauca
870 3203 1016 3290 Lipsium
1050 3205 1176 3288 aliquot

49 3315 108 3374 ante
138 3313 228 3378 annis
261 3311 447 3378 meditando
481 3311 659 3395 expediisse
687 3334 725 3376 ex
754 3311 968 3398 Antiquarum
1001 3311 1175 3376 lectionum

49 3413 124 3481 libris
146 3420 346 3504 perspicitur.
380 3420 470 3495 Quae
493 3441 566 3484 cum
589 3420 636 3484 ita
659 3419 738 3502 sint,
760 3419 847 3483 haud
871 3419 938 3484 scio
963 3441 1004 3484 an
1028 3441 1092 3482 non
1115 3417 1173 3482 fal·

50 3519 119 3588 latur
145 3529 197 3610 qui
221 3549 238 3590 e
262 3525 424 3591 communi
452 3525 556 3610 fonte,
584 3527 673 3590 cuius
702 3525 899 3591 mentionem
929 3524 1029 3590 faciat
1052 3529 1175 3606 neuter,

51 3631 198 3716 utmmque
222 3631 371 3696 hausisse
395 3655 454 3696 sua
477 3633 662 3698 coniecerit:
686 3633 740 3718 qui
760 3637 809 3698 est
827 3633 912 3698 docti
933 3631 1071 3714 Hispani
1093 3631 1176 3694 liber

51 3737 186 3812 perutilis.

121 3844 205 3922 Quae
228 3847 315 3912 enim
338 3846 497 3912 Thesauri
521 3847 692 3912 (lraesiani
717 3851 804 3912 tomo
828 3845 874 3911 IV
899 3845 972 3912 iude
997 3867 1016 3908 a
1038 3867 1068 3928 p.
1091 3843 1173 3908 1807

53 3944 152 4018 bssrta
174 3959 223 4020 est
241 3955 367 4020 PETRI
387 3954 605 4021 Olnccourr
629 3954 778 4020 Toletani
803 3953 852 4018 ‘In
868 3953 1035 4018 columnae
1054 3955 1174 4016 rostra-

53 4054 90 4118 tae
109 4059 346 4146 inscriptionem
371 4087 391 4128 a
414 4087 448 4129 se
471 4063 655 4128 coniectura
679 4063 862 4146 suppletam
887 4058 1082 4143 explicatio’,
1105 4059 1174 4123 eius

54 4161 157 4240 quidem
193 4171 420 4256 supplementa
458 4169 559 4255 (quae
596 4171 693 4234 etiam
731 4169 839 4254 Pighii
879 4168 1025 4252 exemplo
1064 4167 1173 4250 ‘typo-

53 4270 186 4354 graphus’
223 4275 470 4360 Antverpiensis
512 4277 691 4359 subiunxit,
733 4275 821 4340 Flori
862 4274 995 4341 editioni
1033 4296 1110 4338 suae
1148 4295 1174 4336 a.

54 4387 236 4448 cloroccxxn
268 4383 444 4449 Dukerus
481 4383 619 4448 inseruit
651 4405 680 4466 p.
704 4383 769 4447 928
795 4405 876 4469 sqq,
913 4382 1044 4466 repetiit
1077 4379 1175 4444 etiarn

54 4473 214 4554 Funccins
238 4491 276 4556 de
300 4489 441 4575 pueritia
465 4489 587 4555 latinae
611 4490 741 4577 linguae
765 4512 795 4576 p.
822 4489 898 4576 119)
927 4489 959 4554 iu
983 4487 1079 4554 rebus
1102 4505 1175 4550 curu
