2984 5122
426 379 704 428 sveeumreunvn
728 381 764 428 11.
1100 361 1165 428 513

117 520 393 587 Eretustioribus
416 521 502 588 hunc
524 523 657 588 titulum
682 545 752 588 esse
776 546 847 590 cum
872 523 953 588 satis
977 527 1011 586 et
1033 519 1055 587 lr
1078 526 1111 586 et
1133 518 1165 588 Π

43 628 202 692 litterarum
226 627 331 692 forma
353 631 387 692 et
408 629 558 712 neglecta
580 629 758 714 geminatio
787 634 819 694 et
843 629 908 694 alia
931 629 1087 715 quaedam
1110 629 1166 694 do·

42 739 121 798 ceant
141 733 342 818 antiquitatis
365 734 510 818 propria,
538 739 607 800 tum
632 736 863 801 vetustissimis
890 734 1165 802 adnumerandum

42 841 67 904 h.
78 863 100 904 e.
118 845 171 905 aut
190 840 313 907 ineunti
337 840 464 906 saeculo
489 845 581 908 sexto
604 847 661 908 aut
679 842 792 928 quinto
812 843 941 908 exeunti
959 843 1165 910 tribuendum

42 968 100 1010 esse
121 969 137 1011 e
158 951 284 1012 servata
306 947 341 1013 in
363 946 486 1012 Metilio
509 947 633 1032 Ana'cio,
660 948 737 1014 item
761 949 794 1014 iu
818 955 997 1016 wrooooat
1016 948 1081 1035 (vel
1102 949 1165 1016 for·

41 1061 114 1118 tasse
142 1051 316 1138 corcueron)
353 1055 461 1138 prisea
497 1054 711 1120 declinatione
748 1057 926 1122 certissime
958 1056 1166 1142 perspicitur:

41 1162 152 1244 quando
169 1162 207 1227 de
221 1161 381 1244 muyistere
399 1161 449 1225 rel
463 1163 641 1246 mopieteres
659 1185 701 1226 an
715 1165 888 1246 mupbterei
909 1164 960 1229 sel
978 1164 1168 1248 mopastcrcis

41 1289 93 1332 non
117 1273 222 1352 potest
248 1290 316 1334 non
344 1289 463 1354 anceps
493 1291 563 1334 esse
592 1269 754 1334 iudicium.
801 1270 962 1346 Quantum
991 1275 1099 1336 autem
1124 1271 1167 1334 sit

41 1368 112 1454 quod
133 1373 166 1439 in
187 1375 301 1440 dextra
328 1379 421 1460 parte
449 1375 596 1460 perierit,
628 1375 723 1442 facile
746 1397 764 1442 e
787 1398 882 1442 versu
909 1377 1012 1444 altero
1036 1377 1167 1461 efficias,

40 1501 92 1562 quo
111 1501 238 1546 necesse
262 1485 313 1547 cst
335 1483 416 1548 duos
439 1482 616 1568 magistros
641 1483 780 1549 sociatos
803 1505 884 1549 esse.
920 1483 1065 1561 Quorum
1088 1485 1166 1550 ulte·

39 1607 99 1648 rum
127 1609 196 1652 cum
224 1587 446 1654 Mommssnus
480 1588 542 1653 sibi
575 1589 738 1673 persuasit
766 1587 788 1654 S
819 1591 1030 1674 praenomine
1059 1590 1167 1672 fuisse,

39 1692 89 1754 etsi
109 1693 141 1756 in
157 1693 261 1758 altero
281 1697 400 1778 ectypo
419 1693 520 1758 videri
538 1694 647 1779 potuit
664 1693 856 1760 tenuissima
875 1697 1032 1780 quaedam
1052 1697 1167 1760 umbra

39 1796 94 1860 eins
116 1799 254 1884 litterae,
283 1803 432 1884 spectans
456 1800 497 1864 ad
521 1801 589 1865 sius
612 1800 740 1884 pedem,
768 1823 948 1886 superesse,
975 1806 1084 1866 tamen
1107 1822 1166 1868 nec

39 1903 66 1966 in
85 1905 180 1970 altero
203 1907 308 1971 ullum
331 1905 420 1970 illius
444 1906 619 1991 vestigium
637 1909 788 1992 apperuit
809 1929 869 1974 nec
889 1908 1060 1993 quicquam
1083 1909 1166 1973 eius·

39 2009 111 2074 modi
132 2009 245 2078 Petrus
265 2011 433 2078 Clearchia
451 2011 691 2096 Praenestinus,
713 2013 763 2078 vir
785 2015 882 2100 longe
905 2013 1167 2098 humanissimus,

39 2115 128 2182 denuo
149 2119 335 2186 examinato
362 2117 468 2203 lapide
496 2123 636 2185 testatus
665 2127 723 2186 est
768 2119 850 2186 Esto
877 2125 989 2186 tamen
1018 2125 1055 2188 ut
1078 2123 1167 2187 locus

39 2221 95 2286 sire
115 2221 225 2307 Spurio
249 2225 320 2291 sire
344 2222 448 2290 Servio
471 2225 577 2290 detur:
601 2231 635 2291 at
658 2227 705 2290 ita
726 2226 839 2292 eodem
862 2227 977 2292 saltem
1001 2227 1079 2311 iure,
1102 2248 1167 2312 quo

39 2327 72 2390 ad
100 2332 309 2414 posteriorem
342 2331 538 2416 magistrum
570 2333 689 2416 ipsum,
722 2333 762 2400 ad
793 2334 912 2419 prioris
945 2343 1072 2418 patrem
1100 2333 1167 2398 tals

39 2455 215 2516 praenomen
242 2438 424 2506 rettuleris:
455 2443 585 2523 patrum
613 2439 701 2506 enim
728 2441 898 2506 notatione
928 2461 1023 2526 aegre
1046 2441 1166 2506 cerebi-

39 2561 97 2606 mus
118 2544 156 2610 ad
178 2567 251 2611 eum
276 2567 407 2611 versum
426 2545 666 2630 complendum,
690 2547 779 2613 cuius
802 2547 963 2632 principio
983 2547 1166 2612 necessario

39 2647 122 2714 etiam
151 2651 367 2736 praemissum
400 2651 497 2716 luerit
527 2652 629 2736 ipsius
657 2641 775 2718 Metilii
808 2674 1013 2739 praenomen.
1059 2651 1105 2717 Vt
1132 2652 1166 2717 in

40 2773 125 2834 pauca
142 2759 425 2824 ratiocinationem
444 2761 590 2823 nostram
605 2781 734 2824 omnem
750 2757 967 2842 conferamus,
981 2759 1081 2824 talem
1100 2758 1166 2822 fere

40 2863 240 2948 proponimus,
260 2863 418 2950 aliquod
443 2867 479 2928 ut
501 2865 717 2950 exemplum
740 2869 854 2948 exstet,
872 2865 1019 2948 integrae
1034 2865 1217 2949 inseripvn

39 2965 121 3031 tionis
144 2971 284 3054 speciem
308 2971 524 3054 probabiliter
547 2973 584 3036 ut
606 2975 759 3055 putamus
782 2971 985 3036 restitutam:

232 3077 263 3142 A
294 3071 325 3144 Ρ
354 3075 381 3142 Ο
410 3075 431 3142 l«
461 3075 488 3142 Ο
516 3075 896 3165 N[e(1)·rvrenlnn(1)

176 3201 266 3282 s·]M
291 3201 319 3266 ll
343 3201 370 3266 Τ
391 3200 408 3265 Ι
432 3199 454 3267 ι
477 3200 493 3266 Ι
517 3200 930 3284 O[·s·n·u·omo·u·n

233 3321 891 3414 MAGISTERE[(1s)·nscrvnn

234 3447 895 3532 constanciensi-corno

234 3549 894 3706 o.rr1010.c.t[.1,.ns3,r.vr

233 3715 265 3780 lt
290 3716 306 3781 I
332 3717 363 3782 A
386 3717 417 3784 N
442 3719 471 3784 D
495 3716 810 3802 O[·1›nsnrv1r

115 3835 216 3904 Versu
238 3841 253 3904 1
281 3834 489 3907 AvotoNei
506 3842 600 3910 Potio
623 3845 828 3930 proponebat
845 3841 1079 3908 Mommsenns:
1105 3841 1166 3906 Tu·

43 3939 149 4007 talares
164 3946 316 4031 praetuli,
340 3949 425 4034 qnod
440 3950 507 4016 eius
527 3951 651 4016 cultum
666 3950 912 4016 Praenestinum
931 3947 1046 4015 titulus
1065 3950 1166 4013 testa·

43 4047 100 4110 lum
128 4049 204 4117 lacit
236 4053 398 4139 aVulpio
430 4056 615 4140 publicatus
642 4057 771 4123 Veteris
804 4057 890 4124 Latii
922 4059 945 4121 t.
968 4051 1014 4120 lx
1042 4075 1072 4138 p.
1095 4053 1167 4138 128,

44 4153 113 4262 uude
134 4155 305 4227 Cecconius
328 4185 358 4247 p.
377 4163 420 4228 56
443 4163 668 4249 neglegentius
691 4163 873 4250 iteravit*):

118 4297 142 4364 ²)
161 4298 215 4354 Nec
240 4299 314 4356 enim
341 4303 418 4358 recte
443 4301 529 4358 tribui
552 4301 650 4358 Tiburi
677 4303 766 4359 videri
795 4303 890 4373 potest
915 4302 991 4372 apud
1017 4303 1165 4358 Gruterum

46 4393 67 4444 l·
80 4385 117 4450 ll,
131 4391 153 4452 l,
174 4387 218 4442 cui
236 4388 350 4445 miserat
369 4390 495 4446 ‘Vrsinus
514 4391 688 4448 describente
707 4393 855 4460 Gutenst.’‚
878 4391 1048 4462 descriptum
1072 4395 1165 4446 autem

46 4465 69 4518 iu
84 4469 150 4527 bunc
166 4477 289 4534 modum:

91 4575 126 4615 ra
143 4580 285 4625 arreonau
305 4585 439 4624 orvscvsa
458 4589 494 4626 ιν.
918 4579 951 4628 ³³
