3040 5122
327 255 389 316 142
603 269 822 316 uonvusncn
848 269 1084 317 nelonsenrcs
1109 271 1199 317 crus.

777 611 925 672 CAPVT
954 615 1016 673 ΙΙΙ.

558 749 620 815 DE
645 747 927 816 VOCALIBVS
956 750 1234 816 GEMINATIS

510 874 678 950 DEQVE
707 875 741 938 L.
765 874 914 941 Accio
943 874 1287 941 GRAMMATICO.

411 1054 622 1120 Tralaticium
655 1058 706 1118 est
737 1055 920 1139 geminasse
954 1056 1124 1121 scribendo
1156 1059 1284 1121 veteres
1307 1054 1451 1120 Romanos

324 1186 403 1247 quas
431 1164 559 1228 vocales
583 1162 778 1228 enuntiando
806 1163 1028 1247 producerent.
1073 1164 1141 1229 Nec
1172 1163 1292 1227 mirum
1317 1162 1450 1227 creditum
1505 1197 1507 1220 t

323 1270 355 1334 id
375 1293 444 1335 esse
463 1293 482 1334 a
501 1269 662 1354 plerisque
682 1271 842 1356 omnibus,
866 1295 938 1337 cum
962 1273 1068 1355 ipsum
1084 1270 1342 1347 Quinctilianum
1364 1272 1451 1360 aucto·
1505 1307 1508 1346 q

323 1399 390 1441 rem
414 1376 572 1441 haberent
599 1377 646 1441 sic
669 1381 841 1441 testantem
865 1378 944 1460 1‚4‚
966 1379 1019 1442 1οε
1046 1382 1180 1459 atquae
1201 1381 1237 1441 ut
1260 1377 1377 1442 accola*
1397 1378 1449 1440 iun-

319 1491 445 1567 puatur,
477 1489 533 1548 urst
560 1505 656 1548 unium
685 1486 808 1566 lenpaut
833 1486 967 1568 ficetum,
999 1490 1035 1548 ut
1063 1490 1176 1548 ueteres
1201 1485 1388 1566 saepserunt
1410 1483 1451 1563 qui

319 1593 569 1673 pastinatione
601 1613 726 1655 carum
755 1591 857 1654 uctut
884 1592 986 1672 apice
1017 1591 1231 1670 utebantur,
1266 1595 1323 1654 aut
1344 1591 1449 1656 dume.

322 1721 351 1781 q.
370 1699 432 1784 s.*)
462 1705 495 1764 et
518 1700 685 1782 aliquanto
709 1697 807 1760 etiam
830 1698 958 1781 ptanius
982 1697 1060 1782 1‚7,
1083 1698 1135 1762 14:
1163 1699 1361 1790 setieiuocoles
1377 1698 1450 1781 poni·

321 1826 398 1868 reare
419 1808 475 1870 diu
497 1829 560 1871 noa
585 1807 648 1887 fuit
674 1806 873 1870 ‘crsitatissimi
899 1807 1007 1883 enoris,
1035 1810 1125 1887 ctqcrc
1151 1827 1166 1870 c
1192 1807 1351 1870 contrario
1376 1824 1449 1884 usquc

322 1914 364 1976 cut
390 1915 518 1976 Accium
550 1919 576 1976 ct
606 1915 689 1978 ultro
716 1917 908 1994 porrectas
939 1911 1106 1994 syllabus
1139 1915 1303 1993 pecuinis
1338 1917 1371 1976 ut
1397 1911 1449 1974 diri
1500 1911 1501 1920 ’

322 2019 514 2084 crocotibus
536 2022 768 2103 scripserunt
791 2021 837 2098 [et
860 2018 1062 2084 Priscianum
1087 2019 1188 2084 instit.
1202 2019 1281 2103 VII,
1298 2021 1338 2084 14
1360 2042 1387 2102 p.
1401 2017 1447 2081 uc
1498 2093 1499 2098 ἵ

322 2125 356 2191 Ρ.
378 2127 484 2209 tenpus
507 2129 625 2194 uocales
647 2128 847 2193 uetustissimi
865 2128 1023 2210 peruicere
1045 2126 1194 2203 solebent;
1222 2127 1265 2191 15
1289 2149 1320 2210 p.
1335 2127 1391 2190 73?
1411 2144 1447 2186 ue

323 2235 485 2298 test-issimi
504 2256 562 2317 pro
584 2257 649 2300 unu
673 2237 764 2318 leupo
786 2235 887 2299 coculi
909 2235 1045 2300 solebant
1066 2236 1145 2299 diras
1167 2234 1320 2316 scriberet.
1356 2233 1446 2315 ltaque

322 2362 395 2404 cum
430 2346 557 2424 praeter
589 2343 722 2407 Accium
760 2344 795 2407 iu
826 2342 937 2407 eadem
975 2365 1089 2406 caussa
1118 2342 1216 2406 ctiam
1251 2342 1337 2406 Livii
1371 2345 1446 2421 atque

322 2447 440 2512 Naevii
472 2451 668 2514 mentionem
696 2450 817 2514 factam
846 2472 865 2513 a
893 2448 996 2514 Mario
1025 2447 1193 2513 Victorino
1225 2449 1391 2530 vidissent,
1417 2443 1445 2508 ud

322 2577 415 2639 quem
439 2558 618 2620 revertetur
642 2557 759 2638 oratio,
791 2557 878 2637 bona
905 2556 966 2620 fide
994 2557 1284 2640 grammaticorum
1306 2557 1373 2638 filii,
1397 2574 1443 2616 ser·

322 2685 414 2726 casse
438 2662 622 2746 germinandi
643 2663 905 2727 consuetudinem
919 2662 1047 2727 Livium
1061 2661 1222 2727 Naevium
1238 2665 1378 2748 Accium,
1396 2681 1444 2725 cer·

321 2772 416 2834 tatim
440 2770 480 2834 ad
504 2770 589 2834 hunc
613 2792 713 2854 usque
736 2769 822 2834 diem
846 2771 1082 2855 scriptitavere,
1105 2771 1201 2853 inque
1225 2770 1279 2834 his
1303 2771 1361 2835 viri
1381 2766 1442 2852 opti·
1495 2778 1496 2782 ’

321 2879 378 2960 mi,
402 2878 491 2943 velut
514 2900 594 2961 quos
618 2877 750 2941 honoris
775 2900 889 2942 caussa
912 2879 1055 2962 nomino,
1077 2877 1123 2943 Io.
1147 2875 1219 2942 Ger.
1240 2878 1372 2944 Vossius
1389 2873 1442 2940 Ari·

322 2985 442 3048 starchi
470 2985 516 3068 11,
543 2985 582 3048 12
615 2989 647 3048 et
675 2983 770 3051 Oonr.
793 2987 891 3071 Leop.
916 2985 1127 3051 Schneiderus
1156 3007 1295 3070 gramm,
1324 2985 1385 3068 Ip.
1404 2980 1442 3044 96.

322 3091 444 3156 Verum
467 3093 552 3156 enim
575 3115 651 3156 vcro
676 3093 845 3176 quidesse
872 3093 951 3158 illud
971 3093 1137 3176 dicamus,
1170 3095 1256 3178 quod
1282 3099 1347 3157 tam
1367 3089 1441 3154 certis
1468 3083 1473 3096 '

282 3222 307 3259 2³
323 3205 358 3263 ut
381 3202 485 3264 visum
509 3205 558 3264 est
581 3201 776 3266 testimoniis
800 3202 872 3286 ipsa
896 3205 1104 3266 monumenta
1127 3206 1310 3286 repugnant
1328 3203 1361 3262 ut
1376 3191 1440 3280 quod

321 3308 481 3372 maxime?
518 3308 603 3373 Nam
627 3313 663 3373 ut
686 3309 791 3374 dicum
815 3309 900 3393 quod
924 3331 974 3373 res
998 3314 1055 3392 cst,
1079 3331 1118 3372 ne
1142 3332 1240 3374 unum
1263 3308 1382 3394 quidem
1401 3321 1438 3386 gc·

322 3415 463 3479 minatae
493 3415 612 3479 vocalis
641 3418 822 3500 exemplum
854 3417 905 3480 vel
934 3417 1028 3481 certis
1056 3417 1258 3500 temporibus
1287 3416 1383 3480 factae
1405 3408 1439 3470 in·

322 3525 511 3608 scriptiones
546 3524 665 3588 saeculi
703 3523 784 3588 sexti
821 3527 1017 3605 monstrant,
1054 3525 1104 3587 vel
1142 3546 1254 3588 earum
1293 3515 1437 3587 multitudo

320 3636 466 3716 praestat
496 3656 577 3718 quae
608 3633 677 3696 sine
705 3637 865 3696 certorum
893 3653 1051 3695 annorum
1083 3631 1203 3696 indicio
1235 3655 1256 3696 a
1284 3631 1385 3715 quinto
1408 3619 1437 3684 ³11

322 3742 495 3823 septimum
528 3741 690 3805 sacculum
723 3739 902 3822 pertinent:
939 3739 1001 3802 hoc
1031 3742 1094 3821 cst,
1129 3739 1253 3802 nullam
1285 3759 1340 3821 per
1366 3732 1435 3796 illan

410 3953 435 4020 *)
456 3953 614 4021 Sequuntur
633 3953 714 4006 haec:
741 3952 798 4005 nisi
815 3953 877 4020 quis
891 3955 975 4019 putat
993 3951 1074 4004 etiam
1093 3966 1126 4004 ex
1144 3949 1232 4003 tribus
1250 3947 1380 4005 umatum
1394 3937 1432 4008 syl·

321 4041 411 4095 Iabum
429 4045 497 4109 ficri,
516 4044 541 4095 si
558 4060 612 4096 nou
633 4044 741 4111 aliquae
760 4042 851 4108 officio
871 4041 1078 4094 consonantium
1091 4040 1255 4108 suspectu-r.
1285 4036 1377 4103 Quibus
1388 4043 1432 4082 ser-

320 4128 363 4183 bis
381 4131 440 4185 fieri
459 4135 553 4200 potest
571 4134 603 4185 ut
621 4132 687 4185 illuc
706 4131 855 4201 spectarit,
879 4130 952 4199 quod
972 4146 1069 4198 reapse
1093 4147 1142 4198 per
1165 4129 1279 4198 aliquod
1297 4132 1392 4192 tempus
1406 4115 1430 4167 dc

321 4223 409 4286 certa,
439 4223 469 4272 ut
492 4237 575 4288 supra
598 4220 717 4285 conieci,
744 4221 872 4274 doctriua
894 4219 1013 4287 quodam
1039 4219 1099 4272 alu
1123 4217 1256 4288 scriptum
1280 4219 1319 4270 est
1339 4227 1380 4282 pro
1396 4201 1430 4257 ΑΕ

321 4311 364 4364 vcl
384 4308 430 4362 nl.
464 4309 640 4376 {Accuratius
659 4310 693 4364 de
713 4326 746 4363 ca
765 4327 793 4363 re
813 4308 942 4378 exposuit
958 4307 1126 4362 ltitschelius
1141 4307 1229 4362 Musei
1244 4309 1324 4362 Rhcu.
1342 4289 1427 4355 qm'l!

319 4417 345 4468 p.
362 4404 413 4452 013
434 4424 466 4443 =
487 4400 586 4468 Opusc.
607 4399 643 4452 lli
663 4418 688 4468 p.
706 4405 764 4454 726.
803 4399 831 4453 C.
847 4400 903 4468 W]
