2984 5122
232 394 241 408 .
326 347 391 409 444
491 365 525 410 ru
549 363 658 410 uncas
683 364 874 411 vrsnnnmm
897 363 1077 412 Ausoniam
1101 363 1289 410 consumam

233 550 240 565 .
327 507 385 570 bus
410 510 442 571 et
465 508 676 589 praeconibus
701 508 797 592 latae,
820 530 883 591 quo
908 507 1036 591 quidem
1059 508 1164 593 capite
1188 513 1321 593 agerclur
1335 507 1419 571 dem

326 616 560 697 quaestoribus,

415 829 465 894 Ita
488 830 640 913 quoniam
664 830 698 893 in
722 832 843 917 legem
868 829 1087 896 Corneliam
1116 832 1159 895 de
1187 831 1320 915 uiginti
1344 852 1426 914 quae·

327 937 501 1001 storibus
525 938 640 1002 incidit
663 939 774 1023 oratio,
798 940 835 1003 de
859 939 921 1003 bac
944 961 1078 1023 quoque,
1101 961 1179 1002 num
1203 939 1275 1023 qnid
1296 937 1376 1002 simili
1395 946 1427 999 al·

326 1067 387 1127 qne
411 1044 444 1108 in
468 1042 612 1110 Antonia
636 1046 883 1110 ratiocinatione
912 1069 928 1109 e
952 1043 1218 1128 praescriptionis
1244 1049 1328 1129 parte
1348 1067 1429 1128 super-

326 1152 402 1214 stite
426 1151 511 1216 effici
533 1153 650 1235 possit,
673 1153 785 1236 paucis
810 1152 984 1216 videamus.
1017 1151 1080 1216 Est
1102 1155 1211 1216 autem
1235 1175 1272 1216 ea
1292 1153 1429 1236 praescrip

325 1257 371 1322 tio
396 1259 429 1322 in
454 1281 525 1322 aere
544 1257 760 1342 Neapolitano
784 1260 860 1324 talis
885 1261 1011 1345 qualem
1035 1259 1069 1323 in
1088 1258 1213 1323 adiecta
1232 1259 1338 1323 tabula
1354 1257 1431 1322 subll

326 1366 542 1431 exhibuimus:
575 1367 657 1430 unde
686 1371 791 1431 totam
819 1367 1012 1452 perspicitur
1039 1367 1134 1430 unius
1158 1387 1270 1430 versus
1293 1365 1377 1449 primi
1395 1387 1432 1446 per
1479 1413 1480 1430 i

327 1495 437 1537 omncs
461 1474 588 1537 tabulas
613 1475 805 1557 pertinentis
830 1474 1044 1539 continuitate
1068 1472 1332 1556 comprehensam
1356 1472 1434 1534 luiso
1479 1487 1480 1556 ζ

326 1581 405 1644 Eius
437 1602 548 1644 vorsus
587 1581 620 1644 in
651 1581 764 1644 tabula
797 1584 913 1645 octava
945 1582 1072 1645 litterae
1108 1582 1185 1644 sunt
1211 1579 1318 1663 XXII,
1348 1601 1433 1661 eaeque
1479 1583 1480 1646 l

327 1708 444 1772 magna
472 1688 714 1753 intervallorum
744 1689 976 1772 aequabilitate
1006 1689 1160 1771 scriptae:
1197 1687 1331 1752 totidem
1356 1700 1433 1749 auu-m

327 1794 452 1858 litturae
476 1818 549 1859 cum
574 1797 628 1875 eia,
653 1817 734 1880 quae
750 1794 884 1859 TltIBV
904 1816 1016 1860 vocam
1035 1795 1162 1878 insequi
1182 1795 1216 1859 in
1239 1794 1375 1879 legitima
1392 1791 1435 1853 lor·

327 1902 414 1965 mula
436 1924 565 1966 necesse
590 1904 644 1986 sit,
668 1902 930 1966 commodissime
954 1902 1132 1985 sufficiant,
1156 1903 1230 1985 ipsa
1253 1923 1336 1965 nona
1354 1899 1436 1963 tabula

325 2008 430 2091 legem
463 2009 624 2093 integram
655 2009 863 2074 terminatam
892 2031 961 2073 esse
990 2013 1057 2073 tam
1087 2009 1224 2093 simplici
1258 2030 1348 2092 quam
1372 2021 1436 2070 ceno

327 2119 478 2198 computo
504 2117 649 2182 eflicitur.
695 2116 793 2180 Velut
816 2115 877 2181 hoc
902 2117 1061 2199 exemplo:

375 2259 441 2322 tab.
460 2256 540 2322 VIII
624 2257 923 2324 PRINCIPIVM
938 2294 944 2307 ·
959 2257 1075 2322 FVIT
1091 2307 1098 2322 .
1113 2258 1208 2323 PRO
1224 2294 1230 2305 ·
1246 2257 1401 2322 TRIBI·

356 2384 440 2447 tab.
459 2383 556 2447 VIIII
625 2380 1401 2448 M·1VN1VS·M·I¹·Pun1MVS-summ

327 2542 410 2606 Num
435 2566 493 2627 per
521 2568 555 2608 so
579 2567 650 2608 cum
675 2544 772 2607 liceat
800 2567 877 2608 sano
906 2545 1072 2628 quodlibet
1100 2567 1219 2610 nomen
1247 2544 1368 2630 longius
1388 2540 1436 2602 sub

326 2650 469 2732 stibrene,
493 2653 601 2714 tamen
625 2654 692 2713 tam
711 2651 855 2735 longum,
880 2653 1058 2737 quostiam
1077 2654 1221 2717 decimae
1242 2652 1365 2716 tabulae
1382 2647 1437 2711 salis

326 2758 397 2839 liat,
425 2758 576 2822 nimirum
601 2758 721 2822 frustra
746 2783 887 2843 quaeres
935 2760 1121 2825 Omittendc
1149 2765 1258 2824 autem
1282 2757 1437 2844 cognomini

326 2865 429 2928 satius
453 2864 552 2927 luerit
574 2865 684 2952 legem,
703 2867 867 2948 agrariam
891 2867 967 2930 anni
987 2867 1051 2930 643
1077 2865 1188 2950 (quarn
1209 2867 1358 2932 Thoriam
1380 2862 1436 2924 rui·

326 2968 412 3054 tant)
441 2970 576 3054 imitari,
609 2971 698 3034 cuius
732 2971 828 3035 bodie
861 2979 1025 3056 superstes
1057 2973 1186 3038 initium
1218 2973 1299 3038 haec
1330 2969 1436 3037 serram

320 3077 534 3158 prriucr'PIVM
555 3113 561 3124 ·
581 3077 683 3140 FVIT
700 3113 705 3125 ·
722 3076 748 3152 Q
765 3113 770 3125 ·
786 3078 944 3144 FABIVS
962 3115 968 3129 ·
984 3080 1010 3156 Q
1027 3115 1032 3128 ·
1048 3081 1073 3144 F
1088 3116 1095 3130 ·
1110 3079 1275 3146 PRIMVS
1294 3117 1300 3129 ·
1320 3072 1438 3144 SCIVII.

326 3207 421 3267 quam
446 3189 627 3268 temporum
651 3186 833 3250 discrimine
857 3191 1013 3251 remotam
1040 3187 1224 3263 Quinetiam
1251 3187 1392 3252 addendo.
1411 3215 1436 3224 κ

326 3289 446 3352 Verum
472 3285 568 3354 etiam
593 3293 630 3355 dc
655 3297 777 3376 septem
798 3294 917 3357 tabulis
937 3294 1099 3377 prioribus
1119 3293 1253 3378 aliquid,
1277 3307 1436 3379 quamquam

326 3419 391 3459 non
424 3396 575 3482 multum,
608 3400 740 3463 calculis
773 3404 858 3464 recte
892 3401 1058 3465 subductis
1090 3401 1250 3484 proficias.
1301 3395 1435 3463 Formulu
1475 3417 1476 3434 i

325 3504 517 3569 necessitate
541 3511 706 3589 reguntur,
730 3530 811 3591 quae
835 3509 868 3571 in
886 3509 907 3572 l.
929 3509 1071 3574 Antonia
1094 3507 1367 3592 perscribebamns
1386 3515 1434 3586 pul

254 3636 309 3674 xvi
325 3617 515 3697 rogatorum
539 3614 672 3677 nomina
696 3637 795 3697 usquc
819 3614 859 3678 ad
883 3613 1140 3680 PIIINCIPIVM
1164 3615 1361 3680 vocabulum.
1391 3607 1434 3672 Er

324 3725 434 3801 partes
463 3721 497 3782 in
525 3720 631 3803 prlorc
656 3722 801 3803 exemplo
830 3726 943 3786 nostro
975 3722 1102 3786 litteras
1131 3722 1316 3806 aequabant
1341 3717 1434 3783 circ-ior

326 3826 395 3911 XC,
419 3828 452 3891 in
476 3831 651 3910 posteriorc
675 3827 776 3890 LXX:
801 3849 878 3912 crgo
902 3851 974 3892 cnm
999 3831 1122 3911 septem
1146 3828 1277 3892 tabulae
1300 3833 1378 3893 totae
1397 3822 1432 3884 rir-

326 3935 405 3997 citor
433 3934 534 3998 CLIV
564 3935 707 4018 capiant,
740 3936 878 3999 allicitur
909 3941 944 3998 ut
972 3941 1158 4020 rogatorum
1188 3937 1365 4000 nominibus
1387 3947 1433 4013 pr·

326 4043 503 4106 scribendis
524 4048 580 4105 aut
599 4041 701 4104 LXIV
723 4047 780 4106 aut
799 4042 963 4107 LXXXIV
982 4044 1111 4107 litterae
1130 4042 1262 4107 relictae
1282 4043 1351 4106 sint.
1375 4035 1430 4100 Hm*

326 4149 425 4231 igItur
454 4150 569 4213 saltem
597 4148 658 4212 hoc
687 4155 774 4214 corto
804 4149 1021 4233 cognoscitur,
1053 4173 1118 4214 non
1150 4151 1256 4234 magis
1284 4144 1428 4213 Corneliis
1473 4185 1474 4188 η

326 4275 420 4336 quarn
441 4255 618 4319 Antoniam
642 4278 740 4318 unum
765 4255 931 4319 dumtaxat
955 4257 1004 4319 vel
1029 4256 1091 4320 duo
1115 4261 1285 4339 rogatores
1305 4249 1429 4318 habuisse

326 4358 412 4433 Quot
434 4361 568 4440 luerint,
592 4363 653 4424 etsi
679 4385 736 4425 sua
756 4367 870 4446 sponte
889 4363 1088 4446 intellegitur
1106 4363 1225 4426 certius
1245 4359 1360 4427 definiri
1376 4347 1427 4417 ml·

325 4466 368 4528 tis
392 4465 430 4528 do
455 4470 577 4531 caussis
596 4491 660 4532 non
679 4492 783 4553 posse,
806 4470 995 4552 praesertim
1010 4470 1043 4533 in
1062 4470 1118 4533 illa
1137 4492 1236 4554 quam
1255 4469 1313 4534 iam
1328 4463 1426 4529 monn·
