2984 5122
325 308 390 372 468
436 325 484 371 na
507 323 772 373 nacmnnriona
796 324 944 384 Qvnnan
967 323 1099 370 aarum
1122 321 1367 370 neconnnionn

325 469 506 554 egregios
530 468 720 550 dicerentur,
745 469 812 532 sive
836 471 965 532 servata
988 468 1098 532 littera
1123 466 1213 531 finali
1235 467 1296 530 sive
1316 465 1421 547 dempta.

324 575 374 639 Ex
400 597 437 639 ea
461 579 567 640 aetate
597 576 755 660 originem
783 579 952 639 traxerunt
981 575 1123 661 genetivi
1151 573 1340 657 vocativique
1358 569 1422 634 Cor·

325 683 402 746 neli
435 681 513 765 fili,
546 681 688 766 genetivi
723 682 892 766 uolgarii
926 683 1088 768 egregii,
1121 681 1260 746 vocativi
1289 678 1424 762 uolgarie
1477 696 1482 736 i

325 790 490 876 egregie.
537 787 649 852 Tertia
675 788 761 851 hane
792 794 882 854 aetas
906 787 1044 872 excepit,
1076 809 1141 871 qua
1169 787 1209 852 ad
1237 787 1425 852 adieetivoruu
1480 794 1481 844 ἕ

325 898 505 981 exemplum
536 896 635 959 etiam
663 895 870 959 substantiva
903 895 1234 974 accommodarentur,
1264 893 1426 959 Cornelius
1479 907 1480 910 ’

325 1004 449 1087 filius,
482 1003 706 1088 genetivorum
735 1002 1019 1086 vocativorumque
1051 1001 1175 1066 formae
1205 1023 1269 1074 non
1295 1004 1428 1064 mutarent
1479 1065 1480 1084 3

325 1111 356 1173 A
379 1132 442 1193 qua
471 1110 583 1174 licebit
614 1115 762 1194 quartam
795 1109 1008 1194 distinguere,
1040 1132 1104 1194 qua
1136 1113 1170 1173 et
1201 1109 1356 1174 vocativus
1380 1107 1427 1168 fieri

325 1216 411 1280 filie
440 1217 560 1300 coepit,
590 1221 621 1281 et
646 1217 692 1281 eis
717 1216 857 1300 quaein
885 1202 991 1280 arius
1019 1219 1138 1280 exeunt
1160 1216 1299 1280 finitima
1318 1215 1361 1278 vel
1380 1235 1428 1296 pro·

325 1329 435 1388 ereata
458 1324 507 1388 vel
532 1325 725 1388 resuscitata
754 1328 829 1387 sunt
856 1308 936 1388 air—is
963 1323 1101 1406 syllabis
1124 1323 1354 1395 terminataut
1374 1319 1429 1384 uol-

325 1431 429 1516 garis
454 1430 650 1495 iocularis.
698 1429 821 1506 Quodsi
845 1429 929 1494 forte
952 1431 986 1493 in
1010 1430 1090 1514 illis,
1119 1432 1236 1513 quibus
1258 1413 1356 1494 iriTn
1374 1427 1431 1492 finis.
1474 1447 1478 1462 ·

325 1537 390 1600 tale
414 1539 499 1600 esset
522 1537 606 1620 quod
631 1559 732 1620 paene
761 1541 858 1601 exuta
886 1537 1037 1600 adiectivi
1064 1541 1182 1602 natura
1212 1538 1245 1601 in
1276 1533 1431 1601 substantivi
1473 1518 1477 1531 ¹

324 1645 491 1709 notionem
515 1642 665 1726 abiisset,
688 1643 782 1708 facile
801 1643 1001 1727 intellegitur
1019 1643 1088 1708 fieri
1106 1643 1254 1727 potuisse
1273 1648 1310 1708 ut
1326 1644 1432 1727 ipsorum

326 1752 603 1816 substantivorum
631 1751 816 1814 vocativum
845 1750 1070 1833 participaret:
1103 1751 1137 1814 in
1166 1750 1250 1814 hanc
1277 1751 1368 1835 igitur
1385 1768 1433 1831 par·

325 1862 390 1922 tem
415 1857 588 1921 manuari
612 1857 900 1940 interpretabimur
924 1879 944 1919 a
967 1856 1126 1921 sermonis
1149 1861 1307 1921 novatore
1331 1853 1433 1919 laberio

325 1966 469 2048 positum
498 1967 581 2028 teste
606 1963 712 2028 Gellio
736 1962 827 2047 XVI,
849 1947 877 2046 l,
897 1964 926 2026 3.
958 1999 1001 2007 —
1035 1960 1190 2045 Superest
1218 1966 1255 2027 ut
1282 1963 1319 2025 de
1344 1959 1434 2024 duabus

326 2071 421 2135 rebus
445 2072 570 2135 dicatur
593 2092 666 2133 cunr
690 2070 751 2135 hac
776 2069 993 2152 disputatione
1018 2069 1126 2152 aliquo
1151 2070 1281 2135 vinculo
1304 2069 1394 2134 nexis:
1411 2065 1435 2127 dr

326 2183 498 2262 praecepto
528 2175 705 2260 Nigidiano
740 2176 825 2260 quod
853 2176 893 2240 ad
923 2176 1177 2241 modulationem
1205 2176 1237 2242 h.
1257 2199 1283 2241 e.
1307 2181 1434 2240 accentum

327 2285 442 2349 talium
475 2284 584 2368 qualia
613 2288 689 2349 sunt
711 2284 843 2349 Valeri
871 2283 1013 2349 consili
1042 2283 1196 2366 pertinet,
1228 2283 1328 2367 deque
1352 2279 1434 2345 Lucili

326 2391 474 2455 doctrina
501 2414 583 2475 quae
612 2393 645 2456 in
669 2394 681 2456 c'
703 2393 817 2477 pingui
845 2392 898 2455 vel
929 2392 1020 2456 tenui
1043 2391 1295 2456 discriminanda
1317 2392 1435 2454 versatu.
1474 2438 1477 2453 .

327 2497 449 2561 Verum
472 2497 551 2561 haec
575 2503 767 2582 argumenta
790 2520 863 2562 cum
883 2502 916 2562 et
934 2498 1074 2580 amplius
1094 2497 1156 2562 sibi
1176 2499 1317 2580 spatium
1334 2511 1433 2580 poscau
1472 2478 1477 2491 ¹

326 2627 385 2669 nee
408 2605 579 2688 quicquam
603 2605 789 2670 detrimenti
812 2608 943 2670 nostrae
964 2604 1207 2669 ratiocinationi
1227 2605 1367 2670 adlatura
1387 2603 1436 2664 siut

327 2713 403 2776 nolo
428 2711 466 2774 ad
492 2733 529 2774 ea
553 2712 780 2794 pertractanda
803 2736 888 2777 nunc
912 2713 1041 2798 quidem
1065 2713 1241 2797 exspatiari
1265 2712 1388 2796 longius

418 3139 569 3207 Ceterum
601 3141 735 3226 cognita
767 3139 829 3207 hac
861 3143 1133 3210 commentatione
1167 3164 1240 3232 curn
1269 3139 1434 3208 domninus
1473 3117 1481 3243 l

330 3249 465 3333 conlega
487 3248 650 3312 loannes
675 3247 951 3314 Gildemeister
975 3250 1132 3334 quaedam
1156 3249 1277 3315 similia
1299 3249 1435 3328 eadenqu
1475 3246 1481 3325 1

329 3355 483 3440 perutilia
511 3379 548 3419 ex
579 3377 689 3418 earum
718 3355 903 3440 linguarum
931 3379 1016 3440 penu
1044 3357 1260 3441 meminisset,
1291 3381 1309 3421 a
1335 3371 1434 3440 querum
1479 3368 1481 3377 ·

330 3465 419 3528 aditu
442 3486 509 3527 nos
534 3463 694 3547 philologi
719 3485 788 3527 esse
811 3464 978 3528 interclusi
1003 3464 1156 3542 solemus,
1178 3463 1274 3529 facile
1297 3465 1335 3528 ab
1352 3459 1423 3526 eoim

329 3571 455 3654 petravi
483 3573 519 3633 ut
550 3570 741 3654 singillatim
770 3572 949 3656 perscripta
983 3571 1017 3635 iu
1045 3592 1250 3636 communem
1281 3593 1366 3636 usum
1388 3585 1432 3649 pro

330 3682 441 3742 meret.
488 3675 570 3741 Sunt
594 3680 701 3740 autem
725 3677 805 3741 haec
829 3700 909 3761 quae
933 3679 1019 3742 infra
1041 3679 1144 3762 posui.

419 3783 644 3848 ‘Psanterin
676 3785 728 3848 fiir
756 3787 935 3864 ψαλτήριον
962 3786 1007 3850 im
1036 3785 1128 3849 Buch
1159 3785 1277 3851 Daniel
1304 3773 1431 3866 ngat.
1485 3765 1486 3768 Ἴ

335 3893 382 3956 10.
409 3892 457 3956 15.
504 3891 555 3954 Da
578 3891 635 3955 das
659 3891 749 3955 Buch
780 3894 885 3957 sicher
908 3917 962 3958 um
989 3893 1051 3958 165
1075 3916 1102 3958 a.
1121 3891 1155 3959 C.
1179 3893 1377 3980 gesehriebeu
1399 3886 1432 3946 ist

332 4021 367 4062 so
391 3999 435 4062 ist
458 3999 591 4062 hiermit
614 3999 684 4063 eine
708 3999 975 4085 chronologische
995 3999 1223 4086 bestimmung
1246 4001 1383 4086 gegelaeu.
1399 3989 1431 4052 dl*

331 4105 547 4170 vermuthlich
572 4105 767 4188 wenigstcns
796 4106 899 4170 hiiher
926 4106 1145 4189 hinauffr’lhrt,
1172 4108 1234 4172 als.
1246 4108 1296 4172 die
1316 4092 1430 4168 lnsclnt·
1487 4083 1488 4162 i

332 4217 399 4295 ten,
423 4213 486 4276 und
511 4199 567 4275 aiis
587 4211 794 4275 Romischem
813 4212 955 4277 Einlluss
979 4213 1071 4277 nicht
1093 4213 1216 4279 erklfirt
1233 4212 1350 4278 werden
1365 4207 1429 4268 laub

332 4358 373 4363 -—
398 4318 550 4383 Naehlrer
573 4319 672 4382 findet
695 4318 763 4382 sich
784 4319 834 4382 die
854 4319 994 4403 Endung
1015 4342 1063 4385 ιον
1083 4321 1131 4385 als
1150 4326 1185 4384 ta
1207 4312 1391 4406 regelun'iseig
1407 4305 1428 4365 1¹¹
1487 4309 1488 4316 '

327 4425 383 4490 der
407 4425 568 4512 Miscliua,
600 4450 624 4488 a.
643 4426 679 4490 B.
704 4427 738 4490 in
761 4427 833 4492 dern
858 4427 1041 4492 bekaunten
1067 4426 1281 4493 Sanhedrin
1306 4425 1350 4488 ltu
1366 4415 1426 4482 ωνέ·
