3010 5116
362 371 640 420 ιιιιιιιιιιιιιιοιιι
664 373 790 420 serres
814 375 848 420 ιι.
1116 359 1179 424 341

44 515 212 588 Charakter
235 515 294 580 het
316 515 400 580 eueh
423 515 473 580 die
497 515 549 580 lex
572 515 691 600 parieti
710 514 857 582 faciendo
876 512 984 602 (nieht
1002 517 1180 585 FACIVN-

43 621 104 704 DO,
132 621 191 685 wie
220 621 246 686 1.
270 620 307 686 It.
332 621 372 686 N.
395 619 497 706 2458)
530 643 592 686 ven
620 621 762 705 Puteoli,
793 622 844 687 die
873 622 942 687 sieh
974 625 1076 688 selbst
1106 647 1180 690 vom

42 729 67 792 J.
79 729 139 792 649
159 729 262 794 datirt
285 729 349 794 und
369 727 461 812 doeh,
484 727 638 812 lediglieh
658 729 714 792 der
730 728 932 814 Schriftztge
952 751 1073 815 weges,
1097 732 1180 797 ohne

43 835 116 900 allen
139 835 272 901 Zweifel
302 857 362 900 uns
390 857 451 900 nur
478 835 512 898 in
540 835 628 900 einer
655 838 788 918 spiitern
813 833 1012 901 Restitution
1041 838 1180 924 vorliegt

42 944 80 1021 [C.
102 942 124 1007 I.
147 941 182 1006 L.
206 941 223 1006 1
246 965 276 1006 ιι.
296 943 376 1024 5773
408 940 443 1006 P.
466 940 500 1006 L.
524 940 567 1005 M.
590 941 628 1006 Ε.
652 940 745 1006 Tafel
769 941 899 1024 LXVIJ.
939 944 1021 1010 Eine
1045 969 1083 1010 zu
1107 946 1179 1011 dem

42 1053 135 1113 ersten
153 1047 337 1114 Jahrzehnt
360 1049 416 1112 des
437 1049 513 1112 ”iten
526 1046 767 1112 Jahrhunderts
790 1047 881 1112 nieht
904 1050 996 1116 recht
1020 1054 1179 1136 passende

41 1155 170 1234 Eleganz
194 1156 253 1220 des
278 1155 560 1221 Schriftsehnittes
588 1154 704 1238 bewog
732 1156 785 1220 Sie
816 1154 919 1236 seibst
942 1156 1071 1240 (Rhein.
1096 1158 1178 1224 Mus.

42 1262 64 1326 X
84 1287 111 1346 p.
132 1263 195 1327 144
214 1261 252 1348 f.)
286 1263 339 1327 fer
366 1261 428 1326 den
451 1262 634 1326 Veroneser
660 1261 865 1326 Meilenstein
893 1263 948 1326 des
977 1262 1179 1330 S·POSTv-

41 1367 132 1432 illis·
148 1403 154 1416 ·
171 1367 310 1434 ALBIN
314 1368 366 1434 VS
382 1405 388 1418 ·
405 1369 480 1434 S·F
492 1405 498 1416 ·
510 1367 531 1433 S
543 1404 548 1416 ·
559 1367 590 1434 N
602 1404 609 1417 ·
620 1366 699 1433 008
726 1367 873 1452 (Henzen
898 1369 951 1434 Or.
975 1370 1077 1456 5350)
1101 1371 1179 1436 eher

41 1497 74 1537 ee
103 1474 151 1539 die
183 1473 393 1542 Sullanisehe
420 1476 498 1541 oder
525 1495 584 1559 ger
617 1473 854 1560 Augusteisehe
887 1474 1022 1541 Periode
1054 1478 1102 1542 als
1135 1501 1178 1544 an

39 1581 86 1644 das
108 1579 189 1646 Jahr
218 1582 286 1646 606
314 1603 353 1646 zu
381 1581 506 1646 denken
536 1582 573 1661 [s.
598 1585 699 1645 unten
724 1603 754 1664 p.
769 1581 834 1644 305
849 1579 968 1666 <362)].
1020 1582 1177 1668 Dagegen

42 1707 119 1771 wege
141 1687 194 1752 ieh
214 1687 320 1752 Ihnen
338 1687 437 1752 lraum
456 1687 715 1770 beizustirnmen‚
739 1709 832 1751 wenn
852 1685 907 1752 Sis
926 1710 964 1752 zu
983 1689 1056 1753 dem
1076 1692 1177 1756 merk-

41 1795 192 1880 wtrdigen
217 1793 313 1858 Stein
336 1815 400 1857 von
424 1791 521 1858 Furfo
545 1792 574 1876 1.
594 1791 632 1856 R.
655 1791 694 1857 N.
719 1793 804 1857 (3011
831 1791 928 1873 [01.
952 1793 988 1862 L.
1010 1794 1025 1858 Ι
1049 1819 1080 1863 ιι.
1098 1798 1177 1882 603;

40 1901 67 1964 P.
88 1900 120 1966 L.
142 1901 185 1966 M.
208 1901 249 1966 Ε.
273 1899 568 1980 Tafeltxxxl1]‚
601 1899 657 1963 der
680 1899 737 1962 des
759 1897 880 1964 Datum
905 1923 967 1967 von
992 1901 1056 1966 696
1080 1907 1177 1989 triigt,

41 2007 213 2074 bemerken:
238 2005 372 2071 ‘litteris
391 2029 456 2072 non
476 2006 611 2070 vetustis
632 2006 749 2071 aetatis
764 2005 945 2090 Tullianae,
969 2009 1025 2072 sed
1044 2011 1176 2094 optimis

41 2117 146 2180 saeculi
170 2113 358 2201 Augustei'3
383 2113 469 2179 beim
493 2115 606 2179 besten
625 2112 749 2177 Willen
773 2135 908 2200 vermag
931 2115 983 2181 ich
1007 2139 1047 2182 an
1072 2117 1177 2183 dieser

42 2221 149 2288 Sebriit
171 2221 283 2288 niehts
307 2243 346 2286 zu
370 2219 482 2304 seben,
505 2241 571 2284 was
595 2219 668 2284 dem
683 2217 863 2284 Charekter
886 2222 943 2287 der
962 2224 1175 2308 republieeni-

42 2327 125 2392 sehen
152 2326 290 2392 Periode
319 2325 556 2411 widerspriehe
585 2323 670 2410 (eine
699 2327 839 2393 einzelne
868 2328 1083 2415 Kleinigkeit‚
1113 2355 1176 2398 ven

42 2433 88 2498 der
108 2434 218 2498 weiter
242 2437 345 2500 unten
369 2436 413 2518 [p.
432 2429 637 2519 292(348)],
661 2433 786 2500 ktmmt
809 2457 914 2522 gegen
932 2436 993 2502 den
1014 2437 1176 2523 allgemei-

42 2563 94 2604 nen
115 2540 281 2607 Eindruek
311 2539 403 2604 nieht
431 2537 464 2604 in
488 2536 707 2626 Betreeht).*)
752 2540 876 2606 Finden
904 2542 985 2607 such
1010 2541 1062 2610 Sie
1085 2547 1175 2632 jetzt,

44 2789 234 2845 Henrenisnum
264 2785 293 2841 in
316 2787 447 2856 promptu
471 2783 539 2838 mihi
562 2800 619 2838 non
646 2783 731 2840 fixisse
758 2802 791 2841 ee
815 2787 904 2856 magis
927 2787 1091 2856 dolendum,
1119 2809 1175 2860 quo

44 2879 129 2934 certius
152 2876 261 2950 sperari
281 2875 375 2946 potuit
392 2875 450 2928 iore
469 2877 501 2928 ut
519 2872 584 2927 hine
607 2873 782 2942 potissimum
806 2891 869 2928 eum
893 2875 988 2945 alique
1007 2879 1176 2936 confidentia

45 2967 246 3036 existimaretur,
274 2983 341 3020 num
370 2961 554 3018 Merinienum
583 2965 658 3016 reete
687 2961 818 3016 dixissem
844 2964 933 3019 Musei
958 2967 1045 3022 Rhen.
1070 2969 1174 3024 t.x1v

45 3061 121 3122 11:287
140 3075 194 3111 nen
212 3055 312 3122 telem,
330 3051 421 3122 quatis
440 3068 512 3106 enno
528 3057 579 3106 699
594 3051 684 3106 faetus
699 3055 780 3120 esset,
800 3052 848 3106 sed
868 3071 882 3106 e
897 3053 1057 3124 posterioris
1072 3057 1173 3111 aetatis

45 3143 227 3200 instauretione
252 3143 364 3208 heberi,
387 3159 420 3196 ex
443 3141 524 3194 unius
547 3139 700 3210 scripturae
725 3141 818 3210 speeie
841 3159 907 3197 sene
932 3141 1066 3212 singulari
1089 3144 1173 3199 ratio·

47 3231 143 3288 sinatus.
175 3233 274 3288 Latius
294 3231 369 3286 enim
388 3231 457 3284 haee
476 3227 601 3284 condicio
620 3227 779 3284 litterarum
798 3232 878 3300 petet
896 3249 981 3300 quam
999 3232 1035 3286 sd
1054 3233 1075 3286 L
1095 3236 1124 3287 et
1144 3233 1174 3300 E,

47 3317 73 3370 de
93 3321 187 3388 quibus
211 3321 249 3376 sd
273 3319 331 3376 tub.
351 3317 423 3374 LIA
447 3317 505 3372 dixi
524 3316 647 3387 (iterate
665 3335 750 3388 supra
768 3337 795 3389 p.
813 3327 847 3374 94
862 3320 931 3389 sq.)
965 3320 1054 3376 Multo
1074 3323 1173 3376 saltem

48 3407 200 3466 esiistierern
214 3411 270 3465 hae
284 3409 378 3464 aetate
393 3407 558 3476 scripturam
578 3407 622 3460 vel
641 3409 782 3476 proximus
800 3409 900 3464 titulus
919 3413 1013 3466 servet
1030 3413 1172 3480 quattuor·

48 3494 121 3550 deeim
138 3498 216 3556 eneis
233 3500 300 3570 post
317 3496 407 3551 iectus
426 3495 577 3564 (Romanus
597 3495 662 3550 enni
682 3497 765 3566 713).’
804 3499 833 3554 G.
849 3498 907 3570 W.]

121 3589 145 3656 *)
164 3585 324 3660 [enarratio
339 3603 365 3654 p.
377 3591 410 3638 ‘12
429 3583 507 3638 ssshrt
519 3585 578 3638 dies
593 3583 701 3638 Ritseht
719 3585 792 3640 noch
811 3602 933 3656 gensuer
952 3605 982 3642 so
995 3604 1059 3641 eus:
1081 3587 1172 3652 ‘Quod

50 3669 76 3723 de
92 3677 175 3730 aetate
194 3675 292 3746 scripti
311 3672 388 3729 tituli
405 3689 461 3728 non
480 3690 561 3742 pesse
580 3691 624 3728 me
644 3672 711 3742 quin
729 3692 747 3729 ιι
765 3673 933 3730 Mommseni
949 3675 1052 3730 iudieio
1072 3693 1172 3744 meum,

50 3759 113 3816 euius
129 3763 287 3820 Henzenum
311 3779 421 3834 quoque
440 3761 649 3832 Brunniumque
672 3762 761 3818 socios
779 3764 883 3830 habeo,
908 3781 1021 3832 prorsus
1044 3781 1170 3834 segrega·

50 3863 103 3918 rem,
119 3852 170 3906 iem
189 3853 260 3908 Mus.
275 3852 363 3908 Rhen.
382 3853 403 3906 t.
419 3851 483 3906 xiv
501 3868 528 3920 p.
544 3854 595 3904 28⁷
615 3849 703 3904 fassus
717 3869 786 3906 rum.
813 3851 863 3905 Ille
882 3851 957 3905 enim
976 3851 1113 3908 «litteris»
1132 3855 1173 3909 eit

51 3953 108 3992 ιιιοιι
124 3941 235 3997 vetustis
255 3941 358 4002 aetatis
373 3939 528 4008 Tullianae,
547 3939 595 3994 sed
609 3939 722 4008 optimis
738 3939 841 3993 saeculi
856 3941 1021 4009 Augustei»;
1039 3939 1108 3995 mihi
1128 3941 1171 3996 lit-

51 4025 112 4082 terre
129 4031 156 4084 et
172 4030 245 4086 visse
263 4033 329 4086 sunt
346 4031 376 4086 et
393 4029 522 4084 videntur
536 4029 631 4082 notem
646 4027 827 4083 certissimam
842 4027 901 4082 eius
914 4027 1047 4098 temporis
1061 4029 1172 4100 hebere,

53 4115 111 4178 (1¹10d
132 4119 254 4186 praefixis
277 4119 438 4174 consulibus
460 4117 527 4173 anni
546 4123 597 4172 696
621 4116 721 4172 titulus
743 4115 802 4184 ipse
822 4117 975 4186 profitetur.
1014 4118 1105 4172 Vnum
1129 4123 1172 4174 est

54 4215 106 4256 aare
120 4204 147 4260 in
163 4224 216 4276 qne
234 4208 351 4264 haerens
369 4225 424 4264 non
442 4205 595 4262 immerito:
614 4205 636 4258 P
656 4205 766 4260 litteras
783 4203 904 4260 circulus
922 4222 977 4260 non
992 4210 1104 4277 spertus
1124 4209 1172 4264 sed

54 4291 176 4350 eenetusur
193 4297 258 4364 iere,
277 4297 312 4352 ds
326 4313 382 4366 quo
401 4295 506 4352 ibidem
524 4294 619 4350 monui
638 4313 665 4364 p.
680 4299 745 4360 2923
765 4293 793 4348 id
811 4297 906 4350 eutem
924 4297 1111 4364 reputandum
1130 4301 1173 4352 est

56 4391 99 4430 ιοιι
113 4381 194 4438 minus
212 4385 333 4442 insolens
350 4386 412 4456 ipso
430 4385 574 4456 Augusteo
593 4383 705 4439 saeculo
725 4398 808 4452 quem
828 4391 946 4440 exeunte
965 4385 1084 4454 septimo
1104 4404 1170 4441 esse.

56 4460 140 4522 Verum
160 4471 232 4528 aliud
257 4475 312 4544 est,
340 4491 390 4530 eur
413 4489 449 4528 ne
471 4474 501 4528 in
524 4472 577 4530 hoe
600 4473 714 4542 quidem
741 4475 867 4544 tempere
895 4473 1046 4529 subsistere
1074 4473 1170 4530 liceat:
