3008 5118
263 401 308 448 ns
332 399 508 448 snevnono
534 399 712 447 svaronvu
738 403 953 450 rvscvvaso.
1117 387 1179 450 261

51 545 243 628 Procilius,
281 541 501 610 Sextulsius
542 542 745 627 Sextilius,
781 545 1010 610 Tantaleius
1047 545 1182 612 Tauti-

50 653 124 734 lius,
142 649 336 716 Tituleius
356 649 535 733 Titilius,
549 649 759 716 Venuleius
774 651 963 736 Venilius,
979 652 1181 719 Vinuleius

49 757 220 842 Vinilius,
245 757 445 822 Vetuleius
461 755 637 822 Vetilius.
672 757 787 823 abhis
803 763 911 822 autem
931 759 1181 843 simplicissimis

48 865 235 951 maximeque
260 865 421 930 similibus
445 887 579 930 exorsus
603 887 675 930 sum
699 870 736 929 ut
760 865 947 930 antecedere
972 871 1087 948 aetate,
1116 888 1182 932 nou

46 975 136 1038 dicam
160 974 292 1058 singula
315 973 447 1038 nomina
471 994 615 1058 quaeque
642 973 677 1036 in
700 973 765 1036 ciera
789 974 964 1036 terminata
991 973 1182 1056 (potuerunt

46 1081 117 1146 enim
136 1081 295 1165 quaedam
316 1065 415 1146 itiam
435 1079 668 1164 posterioribus
689 1079 826 1144 saeculis
845 1079 997 1164 progigni
1017 1079 1058 1142 ad
1077 1101 1181 1144 exem-

46 1189 120 1270 plum
143 1186 378 1274 antiquitatis),
405 1193 441 1254 at
463 1185 546 1250 hanc
574 1187 681 1270 ipsam
709 1185 905 1250 terminandi
928 1185 1086 1250 rationem
1110 1187 1183 1249 uni-

46 1316 154 1358 versam
182 1297 274 1359 certa
302 1293 356 1358 via
387 1297 642 1378 argumentarer.
693 1291 784 1368 Quod
812 1315 884 1357 cum
914 1292 993 1357 mibi
1023 1315 1101 1356 saue
1130 1294 1181 1356 vel

45 1421 103 1463 eam
117 1401 156 1464 ob
172 1423 324 1465 caussam
340 1401 384 1464 sit
397 1400 690 1484 persuasissimum,
710 1400 795 1484 quod
814 1399 958 1482 linguam
979 1399 1180 1464 intellexisse

46 1507 141 1572 videor
162 1529 231 1572 uon
256 1507 395 1572 crevisse
418 1507 452 1572 iu
476 1506 646 1590 longarum
667 1505 829 1570 vocalium
849 1503 974 1589 pondus
995 1527 1014 1568 a
1033 1505 1179 1570 brevium

43 1613 181 1699 exilitate,
205 1616 263 1680 sed
288 1616 328 1680 ad
349 1614 409 1678 has
428 1613 470 1678 ab
489 1612 556 1708 illis
576 1611 742 1695 delapsam
763 1615 969 1694 esse,ta1uen
987 1633 1053 1676 non
1074 1613 1178 1678 vuinus

43 1722 121 1804 gravi
153 1743 190 1785 ac
219 1721 362 1786 fortasse
391 1719 538 1804 planiore
567 1721 758 1802 argumento
786 1715 848 1780 boc
876 1723 958 1802 utor,
991 1719 1076 1802 quod
1105 1741 1179 1785 ean·

43 1825 101 1892 lem
122 1828 272 1913 linguam
297 1827 362 1892 scio
387 1847 453 1891 uon
478 1848 547 1890 esse
570 1847 721 1908 umquam
753 1824 795 1888 ab
821 1826 831 1886 ι’
854 1823 895 1886 ad
919 1845 940 1888 u
963 1844 1179 1910 progressam,

43 1933 86 1996 sed
106 1934 273 1998 contrario
297 1933 409 1997 ordine
433 1953 454 1995 u
484 1931 628 1995 vocalem
657 1931 690 1994 iu
718 1929 899 1994 tenuiorem
924 1931 936 1992 i
959 1935 1115 2015 mutasse,
1143 1939 1179 1997 ut

43 2041 67 2102 in
90 2043 395 2104 monumentum
438 2037 714 2102 testumouium
758 2037 954 2120 caputalis
996 2037 1178 2103 earnulex

41 2147 165 2230 opufex
193 2145 443 2230 magnuiicus
472 2145 666 2230 signufico
690 2149 723 2208 et
746 2167 829 2228 quae
853 2147 930 2208 sunt
949 2143 1059 2209 affinia
1078 2166 1178 2229 prope

41 2253 288 2318 innumerabilia.
321 2251 415 2316 Vnde
439 2251 634 2336 perspicitur
657 2251 777 2335 triplici
801 2251 1021 2315 vicissitudine
1040 2273 1178 2336 quorun·

42 2359 103 2422 vlam
126 2383 162 2424 ex
185 2359 255 2424 illis
281 2359 450 2423 nominum
469 2357 589 2420 formas
610 2357 656 2421 sic
675 2379 745 2420 sese
767 2357 944 2440 excepisse:
967 2356 1176 2422 Venuleius

43 2465 211 2532 Venulius
231 2464 425 2547 Venilius,
443 2462 637 2528 Tituleius
657 2463 830 2527 Titulius
855 2463 1031 2548 Titilius,
1055 2465 1176 2530 Canu-

41 2571 127 2636 leius
149 2571 348 2638 Canuleus
379 2569 481 2656 (quod
505 2575 562 2635 aut
586 2593 605 2634 a
628 2569 837 2634 Canuleius
866 2576 923 2635 aut
951 2594 970 2635 a
993 2571 1176 2638 Cantilius

42 2699 94 2741 non
117 2679 236 2764 differt)
265 2677 453 2742 Uauilius.
491 2679 520 2740 A
545 2675 660 2760 quibus
685 2676 759 2759 alia,
782 2682 818 2740 ut
842 2677 1040 2742 Auruleius
1064 2679 1177 2744 Amu-

42 2783 117 2868 lius,
149 2784 366 2870 Appuleius
396 2783 603 2868 Appulius,
636 2783 847 2848 Babuleius
876 2782 1079 2866 Babulius,
1108 2783 1176 2850 Ca-

43 2893 189 2957 nuleius
214 2891 431 2974 Camulius,
458 2890 687 2955 Herculeius
716 2889 935 2973 Herculius,
965 2889 1176 2958 Rabuleius

44 2997 231 3084 ltabuliue,
257 2998 460 3064 Satur-eius
491 2995 682 3080 Saturius,
712 2995 905 3060 Setuleius
930 2996 1115 3082 Setulius,
1138 3022 1176 3064 co

44 3107 155 3170 tautum
179 3107 344 3190 differunt,
368 3106 453 3190 quod
477 3105 511 3170 iu
535 3106 640 3188 prima
658 3105 763 3168 forma
786 3125 823 3168 ae
843 3105 980 3168 secunda
997 3105 1177 3172 subsistens

44 3215 226 3279 consuetudo
250 3234 318 3276 non
341 3213 452 3278 estad
476 3211 608 3277 tertiam
632 3232 813 3297 progressa.
860 3211 981 3276 Verum
1004 3235 1044 3278 ue
1067 3213 1102 3277 in
1125 3214 1175 3278 his

44 3318 155 3398 quidem
184 3319 453 3403 acquiescendum
482 3321 532 3383 est
559 3318 614 3383 aad
643 3319 754 3382 eadem
783 3320 938 3384 societate
969 3319 1050 3384 illud
1073 3342 1174 3406 genus

45 3425 379 3510 comprehendendum,
407 3425 492 3512 quod
521 3425 589 3490 solo
618 3425 668 3488 vol
697 3425 935 3508 gerarinatarum
959 3428 1010 3490 vel
1032 3449 1098 3492 non
1122 3449 1174 3512 ge-

45 3532 222 3600 minatarum
252 3533 501 3598 consonantium
530 3532 715 3596 discrimine
743 3532 783 3595 ab
812 3531 941 3596 illorum
966 3533 1175 3598 similitudine

45 3637 137 3704 distat.
174 3641 255 3718 Quis
279 3645 329 3704 est
352 3641 437 3704 enim
462 3640 517 3724 qui
542 3639 582 3702 ab
606 3638 820 3722 Appuleius
845 3639 1036 3722 Appulius
1061 3640 1174 3703 formis

46 3763 200 3832 segregare
224 3747 406 3830 Apullius
432 3745 586 3830 Apilius
611 3746 753 3810 animum
777 3744 931 3809 inducat?
959 3746 1006 3809 vel
1032 3745 1173 3810 Babul-

46 3849 108 3916 lius
137 3854 338 3920 Babillius
375 3877 395 3918 a
427 3854 640 3918 Babuleius
674 3853 876 3937 Babulius,
914 3849 1117 3916 Canullius
1155 3877 1175 3916 a

47 3958 236 4028 Canuleius
263 3960 453 4027 Canuleus
474 3959 664 4040 Caruilius,
688 3959 895 4023 Camillius
920 3955 1217 4030 aCamuleiusw

48 4060 241 4152 Camulius,
276 4067 482 4132 Rabullius
514 4091 533 4130 a
562 4065 773 4130 Rabuleius
804 4065 1006 4140 [tabulina
1040 4063 1173 4129 Venal-

49 4167 111 4234 lius
146 4196 164 4238 a
198 4173 407 4239 Venuleius
446 4173 630 4238 Venulius
668 4171 857 4255 Venilius,
899 4169 1117 4235 Vettuleiua
1155 4193 1174 4235 a

51 4273 232 4344 Vetuleius
260 4281 441 4364 Vetilius,
474 4279 656 4364 Epullius
694 4279 734 4344 ab
762 4277 990 4362 Eppuleius,
1027 4277 1173 4342 Vtilius

51 4382 83 4444 ab
98 4383 278 4472 Vtullius,
301 4385 493 4452 Romilius
517 4408 536 4450 a
559 4385 797 4451 Romullius‘l
829 4382 897 4450 Nec
917 4384 1002 4448 enim
1023 4407 1172 4468 umquam

51 4487 283 4559 obliviscendum
309 4497 358 4558 est
380 4493 560 4580 geminatas
584 4495 799 4557 consonantes
827 4492 964 4556 latinum
994 4513 1173 4556 sermonem
