<?xml version="1.0" encoding="UTF-8"?>
<!DOCTYPE html PUBLIC "-//W3C//DTD XHTML 1.0 Transitional//EN"
    "http://www.w3.org/TR/xhtml1/DTD/xhtml1-transitional.dtd">
<html xmlns="http://www.w3.org/1999/xhtml" xml:lang="en" lang="en">
 <head>
  <title>
</title>
<meta http-equiv="Content-Type" content="text/html;charset=utf-8" />
  <meta name='ocr-system' content='tesseract 3.04.00' />
  <meta name='ocr-capabilities' content='ocr_page ocr_carea ocr_par ocr_line ocrx_word'/>
</head>
<body>
  <div class='ocr_page' id='page_1' title='image "./fridericiritsch03ritsgoog_0509.png"; bbox 0 0 2984 5122; ppageno 0'>
   <div class='ocr_carea' id='block_1_1' title="bbox 302 279 1445 365">
    <p class='ocr_par' dir='ltr' id='par_1_1' title="bbox 302 279 1445 365">
     <span class='ocr_line' id='line_1_1' title="bbox 302 279 1445 365; baseline -0.004 -10"><span class='ocrx_word' id='word_1_1' title='bbox 302 292 367 355; x_wconf 79' lang='lat'>472</span> <span class='ocrx_word' id='word_1_2' title='bbox 413 307 460 353; x_wconf 83' lang='lat' dir='ltr'>oa</span> <span class='ocrx_word' id='word_1_3' title='bbox 484 304 746 353; x_wconf 78' lang='lat' dir='ltr'>oaouruarrouu</span> <span class='ocrx_word' id='word_1_4' title='bbox 770 305 918 365; x_wconf 78' lang='lat' dir='ltr'>ovauarr</span> <span class='ocrx_word' id='word_1_5' title='bbox 936 304 1067 352; x_wconf 71' lang='lat' dir='ltr'>carrus</span> <span class='ocrx_word' id='word_1_6' title='bbox 1088 303 1348 352; x_wconf 78' lang='lat' dir='ltr'>sucouomrour.</span> <span class='ocrx_word' id='word_1_7' title='bbox 1443 279 1445 286; x_wconf 78' lang='grc'><em>’</em></span> 
     </span>
    </p>
   </div>
   <div class='ocr_carea' id='block_1_2' title="bbox 257 447 1490 3420">
    <p class='ocr_par' dir='ltr' id='par_1_2' title="bbox 303 447 1484 1177">
     <span class='ocr_line' id='line_1_2' title="bbox 303 447 1417 532; baseline -0.002 -18"><span class='ocrx_word' id='word_1_8' title='bbox 303 451 495 515; x_wconf 85' lang='lat' dir='ltr'>Aeserncs</span> <span class='ocrx_word' id='word_1_9' title='bbox 528 447 774 532; x_wconf 78' lang='lat' dir='ltr'>nominativi*),</span> <span class='ocrx_word' id='word_1_10' title='bbox 807 449 962 513; x_wconf 82' lang='lat' dir='ltr'>vicarium</span> <span class='ocrx_word' id='word_1_11' title='bbox 993 448 1087 512; x_wconf 91' lang='lat' dir='ltr'>illum</span> <span class='ocrx_word' id='word_1_12' title='bbox 1120 448 1274 532; x_wconf 86' lang='lat' dir='ltr'>plenioris</span> <span class='ocrx_word' id='word_1_13' title='bbox 1304 448 1417 512; x_wconf 80' lang='lat' dir='ltr'>Aeser·</span> 
     </span>
     <span class='ocr_line' id='line_1_3' title="bbox 303 553 1420 639; baseline -0.004 -17"><span class='ocrx_word' id='word_1_14' title='bbox 303 559 405 622; x_wconf 91' lang='lat' dir='ltr'>nium</span> <span class='ocrx_word' id='word_1_15' title='bbox 432 558 569 622; x_wconf 87' lang='lat' dir='ltr'>formae:</span> <span class='ocrx_word' id='word_1_16' title='bbox 603 578 668 619; x_wconf 87' lang='lat' dir='ltr'>non</span> <span class='ocrx_word' id='word_1_17' title='bbox 698 576 829 638; x_wconf 89' lang='lat' dir='ltr'>prorsus</span> <span class='ocrx_word' id='word_1_18' title='bbox 857 555 969 638; x_wconf 86' lang='lat' dir='ltr'>parili,</span> <span class='ocrx_word' id='word_1_19' title='bbox 997 553 1053 618; x_wconf 90' lang='lat' dir='ltr'>sed</span> <span class='ocrx_word' id='word_1_20' title='bbox 1077 556 1156 620; x_wconf 87' lang='lat' dir='ltr'>satis</span> <span class='ocrx_word' id='word_1_21' title='bbox 1179 554 1316 639; x_wconf 83' lang='lat' dir='ltr'>proiecto</span> <span class='ocrx_word' id='word_1_22' title='bbox 1337 556 1420 620; x_wconf 78' lang='lat' dir='ltr'>simili</span> 
     </span>
     <span class='ocr_line' id='line_1_4' title="bbox 304 659 1422 751; baseline -0.002 -23"><span class='ocrx_word' id='word_1_23' title='bbox 304 666 429 729; x_wconf 83' lang='lat' dir='ltr'>ratione</span> <span class='ocrx_word' id='word_1_24' title='bbox 454 668 549 747; x_wconf 87' lang='lat' dir='ltr'>atque</span> <span class='ocrx_word' id='word_1_25' title='bbox 568 686 632 746; x_wconf 91' lang='lat' dir='ltr'>qua</span> <span class='ocrx_word' id='word_1_26' title='bbox 655 666 857 746; x_wconf 86' lang='lat' dir='ltr'>parentum</span> <span class='ocrx_word' id='word_1_27' title='bbox 881 667 914 726; x_wconf 88' lang='lat' dir='ltr'>et</span> <span class='ocrx_word' id='word_1_28' title='bbox 937 659 1174 751; x_wconf 70' lang='lat' dir='ltr'>parentium,</span> <span class='ocrx_word' id='word_1_29' title='bbox 1197 665 1379 730; x_wconf 84' lang='lat' dir='ltr'>volucrum</span> <span class='ocrx_word' id='word_1_30' title='bbox 1398 671 1422 726; x_wconf 81' lang='lat' dir='ltr'>et</span> 
     </span>
     <span class='ocr_line' id='line_1_5' title="bbox 304 768 1423 855; baseline -0.003 -19"><span class='ocrx_word' id='word_1_31' title='bbox 304 771 534 853; x_wconf 81' lang='lat' dir='ltr'><strong>volucrium,</strong></span> <span class='ocrx_word' id='word_1_32' title='bbox 557 769 687 834; x_wconf 90' lang='lat' dir='ltr'>sedum</span> <span class='ocrx_word' id='word_1_33' title='bbox 711 773 744 833; x_wconf 87' lang='lat' dir='ltr'>et</span> <span class='ocrx_word' id='word_1_34' title='bbox 768 769 913 833; x_wconf 88' lang='lat' dir='ltr'>sedium</span> <span class='ocrx_word' id='word_1_35' title='bbox 938 773 971 834; x_wconf 87' lang='lat' dir='ltr'>et</span> <span class='ocrx_word' id='word_1_36' title='bbox 993 768 1026 833; x_wconf 92' lang='lat' dir='ltr'>id</span> <span class='ocrx_word' id='word_1_37' title='bbox 1049 791 1151 855; x_wconf 82' lang='lat' dir='ltr'>genus</span> <span class='ocrx_word' id='word_1_38' title='bbox 1176 771 1241 836; x_wconf 88' lang='lat' dir='ltr'>alia</span> <span class='ocrx_word' id='word_1_39' title='bbox 1263 795 1324 836; x_wconf 90' lang='lat' dir='ltr'>non</span> <span class='ocrx_word' id='word_1_40' title='bbox 1339 794 1423 855; x_wconf 77' lang='lat' dir='ltr'>pauca</span> 
     </span>
     <span class='ocr_line' id='line_1_6' title="bbox 305 877 1424 962; baseline -0.002 -20"><span class='ocrx_word' id='word_1_41' title='bbox 305 877 517 943; x_wconf 90' lang='lat' dir='ltr'>continentur.</span> <span class='ocrx_word' id='word_1_42' title='bbox 562 877 601 941; x_wconf 89' lang='lat' dir='ltr'>ln</span> <span class='ocrx_word' id='word_1_43' title='bbox 625 899 697 940; x_wconf 89' lang='lat' dir='ltr'>eam</span> <span class='ocrx_word' id='word_1_44' title='bbox 720 877 823 962; x_wconf 84' lang='lat' dir='ltr'>igitur</span> <span class='ocrx_word' id='word_1_45' title='bbox 845 881 971 959; x_wconf 89' lang='lat' dir='ltr'>partem</span> <span class='ocrx_word' id='word_1_46' title='bbox 1000 882 1037 942; x_wconf 92' lang='lat' dir='ltr'>ut</span> <span class='ocrx_word' id='word_1_47' title='bbox 1061 879 1264 943; x_wconf 83' lang='lat' dir='ltr'>Aesernim</span> <span class='ocrx_word' id='word_1_48' title='bbox 1291 879 1424 961; x_wconf 84' lang='lat' dir='ltr'>interpre-</span> 
     </span>
     <span class='ocr_line' id='line_1_7' title="bbox 305 984 1484 1070; baseline -0.002 -20"><span class='ocrx_word' id='word_1_49' title='bbox 305 990 422 1070; x_wconf 83' lang='lat' dir='ltr'>temur,</span> <span class='ocrx_word' id='word_1_50' title='bbox 445 1006 560 1048; x_wconf 81' lang='lat' dir='ltr'>caussa</span> <span class='ocrx_word' id='word_1_51' title='bbox 583 985 762 1049; x_wconf 85' lang='lat' dir='ltr'>iustissima</span> <span class='ocrx_word' id='word_1_52' title='bbox 785 984 862 1048; x_wconf 86' lang='lat' dir='ltr'>hinc</span> <span class='ocrx_word' id='word_1_53' title='bbox 885 987 1001 1066; x_wconf 87' lang='lat' dir='ltr'>parata</span> <span class='ocrx_word' id='word_1_54' title='bbox 1024 984 1182 1069; x_wconf 87' lang='lat' dir='ltr'>estquod</span> <span class='ocrx_word' id='word_1_55' title='bbox 1205 1009 1245 1050; x_wconf 88' lang='lat' dir='ltr'>ne</span> <span class='ocrx_word' id='word_1_56' title='bbox 1267 986 1425 1069; x_wconf 87' lang='lat' dir='ltr'>productio·</span> <span class='ocrx_word' id='word_1_57' title='bbox 1481 1022 1484 1033; x_wconf 59' lang='grc' dir='ltr'><strong>ι</strong></span> 
     </span>
     <span class='ocr_line' id='line_1_8' title="bbox 305 1090 1483 1177; baseline -0.002 -21"><span class='ocrx_word' id='word_1_58' title='bbox 305 1095 349 1156; x_wconf 89' lang='lat' dir='ltr'>ris</span> <span class='ocrx_word' id='word_1_59' title='bbox 380 1092 507 1177; x_wconf 88' lang='lat' dir='ltr'>quidem</span> <span class='ocrx_word' id='word_1_60' title='bbox 531 1092 654 1156; x_wconf 86' lang='lat' dir='ltr'>formae</span> <span class='ocrx_word' id='word_1_61' title='bbox 684 1091 841 1174; x_wconf 84' lang='lat' dir='ltr'>exemplis</span> <span class='ocrx_word' id='word_1_62' title='bbox 870 1090 1084 1156; x_wconf 78' lang='lat' dir='ltr'>destituimur.</span> <span class='ocrx_word' id='word_1_63' title='bbox 1130 1092 1250 1158; x_wconf 89' lang='lat' dir='ltr'>Parum</span> <span class='ocrx_word' id='word_1_64' title='bbox 1273 1115 1344 1158; x_wconf 87' lang='lat' dir='ltr'>sane</span> <span class='ocrx_word' id='word_1_65' title='bbox 1368 1092 1426 1156; x_wconf 84' lang='lat' dir='ltr'>fidei</span> <span class='ocrx_word' id='word_1_66' title='bbox 1477 1092 1483 1163; x_wconf 78' lang='lat' dir='ltr'>i</span> 
     </span>
    </p>

    <p class='ocr_par' dir='ltr' id='par_1_3' title="bbox 257 1194 1481 2246">
     <span class='ocr_line' id='line_1_9' title="bbox 257 1194 1481 1283; baseline -0.001 -19"><span class='ocrx_word' id='word_1_67' title='bbox 257 1224 291 1264; x_wconf 86' lang='lat' dir='ltr'>vr</span> <span class='ocrx_word' id='word_1_68' title='bbox 306 1200 409 1264; x_wconf 89' lang='lat' dir='ltr'>ausim</span> <span class='ocrx_word' id='word_1_69' title='bbox 439 1198 477 1262; x_wconf 88' lang='lat' dir='ltr'>de</span> <span class='ocrx_word' id='word_1_70' title='bbox 507 1197 767 1263; x_wconf 79' lang='lat' dir='ltr'><strong>AESERNIVM</strong></span> <span class='ocrx_word' id='word_1_71' title='bbox 800 1197 979 1283; x_wconf 83' lang='lat' dir='ltr'>epigraphe</span> <span class='ocrx_word' id='word_1_72' title='bbox 1006 1199 1188 1265; x_wconf 81' lang='lat' dir='ltr'>narrationi</span> <span class='ocrx_word' id='word_1_73' title='bbox 1217 1201 1272 1266; x_wconf 87' lang='lat' dir='ltr'>isti</span> <span class='ocrx_word' id='word_1_74' title='bbox 1298 1201 1426 1276; x_wconf 73' lang='lat' dir='ltr'>tribuere,</span> <span class='ocrx_word' id='word_1_75' title='bbox 1478 1194 1481 1207; x_wconf 83' lang='lat'>&#39;</span> 
     </span>
     <span class='ocr_line' id='line_1_10' title="bbox 307 1304 1426 1392; baseline 0 -22"><span class='ocrx_word' id='word_1_76' title='bbox 307 1329 401 1390; x_wconf 86' lang='lat' dir='ltr'>quam</span> <span class='ocrx_word' id='word_1_77' title='bbox 428 1305 468 1369; x_wconf 87' lang='lat' dir='ltr'>ab</span> <span class='ocrx_word' id='word_1_78' title='bbox 492 1306 643 1370; x_wconf 87' lang='lat' dir='ltr'>Ianuario</span> <span class='ocrx_word' id='word_1_79' title='bbox 667 1305 779 1370; x_wconf 86' lang='lat' dir='ltr'>Riccio</span> <span class='ocrx_word' id='word_1_80' title='bbox 804 1310 970 1389; x_wconf 74' lang='lat' dir='ltr'>acceptam</span> <span class='ocrx_word' id='word_1_81' title='bbox 992 1304 1215 1372; x_wconf 85' lang='lat' dir='ltr'>Mommsenus</span> <span class='ocrx_word' id='word_1_82' title='bbox 1242 1331 1272 1392; x_wconf 91' lang='lat' dir='ltr'>p.</span> <span class='ocrx_word' id='word_1_83' title='bbox 1290 1308 1350 1372; x_wconf 83' lang='lat'>338</span> <span class='ocrx_word' id='word_1_84' title='bbox 1371 1331 1426 1392; x_wconf 86' lang='lat' dir='ltr'>pro</span> 
     </span>
     <span class='ocr_line' id='line_1_11' title="bbox 308 1407 1481 1498; baseline 0.003 -23"><span class='ocrx_word' id='word_1_85' title='bbox 308 1412 398 1475; x_wconf 89' lang='lat' dir='ltr'>didit.</span> <span class='ocrx_word' id='word_1_86' title='bbox 442 1411 564 1476; x_wconf 90' lang='lat' dir='ltr'>Verum</span> <span class='ocrx_word' id='word_1_87' title='bbox 587 1435 720 1496; x_wconf 89' lang='lat' dir='ltr'>prorsus</span> <span class='ocrx_word' id='word_1_88' title='bbox 745 1412 878 1477; x_wconf 86' lang='lat' dir='ltr'>eandem</span> <span class='ocrx_word' id='word_1_89' title='bbox 902 1413 969 1476; x_wconf 85' lang='lat' dir='ltr'>vim</span> <span class='ocrx_word' id='word_1_90' title='bbox 993 1407 1207 1480; x_wconf 77' lang='lat' dir='ltr'>AI5ERN10</span> <span class='ocrx_word' id='word_1_91' title='bbox 1232 1412 1281 1498; x_wconf 86' lang='lat' dir='ltr'>(P.</span> <span class='ocrx_word' id='word_1_92' title='bbox 1299 1414 1331 1478; x_wconf 80' lang='lat'>1..</span> <span class='ocrx_word' id='word_1_93' title='bbox 1348 1413 1427 1478; x_wconf 77' lang='lat' dir='ltr'>ltF.</span> <span class='ocrx_word' id='word_1_94' title='bbox 1478 1475 1481 1490; x_wconf 74' lang='grc'>,</span> 
     </span>
     <span class='ocr_line' id='line_1_12' title="bbox 307 1503 1481 1606; baseline -0.001 -24"><span class='ocrx_word' id='word_1_95' title='bbox 307 1518 466 1601; x_wconf 84' lang='lat' dir='ltr'>tabVII,</span> <span class='ocrx_word' id='word_1_96' title='bbox 485 1516 543 1606; x_wconf 80' lang='lat'>24)</span> <span class='ocrx_word' id='word_1_97' title='bbox 570 1518 684 1602; x_wconf 87' lang='lat' dir='ltr'>habet,</span> <span class='ocrx_word' id='word_1_98' title='bbox 715 1540 773 1602; x_wconf 89' lang='lat' dir='ltr'>pro</span> <span class='ocrx_word' id='word_1_99' title='bbox 796 1519 1020 1584; x_wconf 83' lang='lat' dir='ltr'>Aeserniom</span> <span class='ocrx_word' id='word_1_100' title='bbox 1051 1521 1194 1603; x_wconf 89' lang='lat' dir='ltr'>positum</span> <span class='ocrx_word' id='word_1_101' title='bbox 1222 1524 1260 1585; x_wconf 91' lang='lat' dir='ltr'>ut</span> <span class='ocrx_word' id='word_1_102' title='bbox 1282 1517 1428 1596; x_wconf 68' lang='lat' dir='ltr'>adimo</span> <span class='ocrx_word' id='word_1_103' title='bbox 1476 1503 1481 1563; x_wconf 69' lang='lat'>.&#39;</span> 
     </span>
     <span class='ocr_line' id='line_1_13' title="bbox 308 1620 1427 1714; baseline -0.001 -23"><span class='ocrx_word' id='word_1_104' title='bbox 308 1625 519 1692; x_wconf 82' lang='lat' dir='ltr'><strong>CAIATINO</strong></span> <span class='ocrx_word' id='word_1_105' title='bbox 544 1623 715 1691; x_wconf 69' lang='lat' dir='ltr'>catullo</span> <span class='ocrx_word' id='word_1_106' title='bbox 736 1624 909 1690; x_wconf 82' lang='lat' dir='ltr'><strong>COZANO</strong></span> <span class='ocrx_word' id='word_1_107' title='bbox 929 1620 1139 1714; x_wconf 73' lang='lat' dir='ltr'>(005aN0)</span> <span class='ocrx_word' id='word_1_108' title='bbox 1161 1625 1337 1693; x_wconf 83' lang='lat' dir='ltr'><strong>CORANO</strong></span> <span class='ocrx_word' id='word_1_109' title='bbox 1355 1621 1427 1691; x_wconf 64' lang='lat' dir='ltr'>llil·</span> 
     </span>
     <span class='ocr_line' id='line_1_14' title="bbox 309 1724 1479 1817; baseline -0.007 -16"><span class='ocrx_word' id='word_1_110' title='bbox 309 1728 457 1801; x_wconf 77' lang='lat' dir='ltr'>5TANO</span> <span class='ocrx_word' id='word_1_111' title='bbox 482 1733 667 1798; x_wconf 82' lang='lat' dir='ltr'><strong>ROMANO</strong></span> <span class='ocrx_word' id='word_1_112' title='bbox 692 1727 1064 1801; x_wconf 77' lang='lat' dir='ltr'>5VE5ANOT1ANO</span> <span class='ocrx_word' id='word_1_113' title='bbox 1088 1755 1148 1816; x_wconf 92' lang='lat' dir='ltr'>pro</span> <span class='ocrx_word' id='word_1_114' title='bbox 1170 1732 1358 1817; x_wconf 85' lang='lat' dir='ltr'>Aquinom</span> <span class='ocrx_word' id='word_1_115' title='bbox 1378 1729 1429 1795; x_wconf 87' lang='lat' dir='ltr'>Ca·</span> <span class='ocrx_word' id='word_1_116' title='bbox 1474 1724 1479 1743; x_wconf 93' lang='lat'>&#39;</span> 
     </span>
     <span class='ocr_line' id='line_1_15' title="bbox 308 1838 1478 1924; baseline -0.003 -20"><span class='ocrx_word' id='word_1_117' title='bbox 308 1841 473 1904; x_wconf 87' lang='lat' dir='ltr'>iatinom</span> <span class='ocrx_word' id='word_1_118' title='bbox 497 1844 529 1904; x_wconf 91' lang='lat' dir='ltr'>et</span> <span class='ocrx_word' id='word_1_119' title='bbox 552 1840 701 1904; x_wconf 88' lang='lat' dir='ltr'>similiter</span> <span class='ocrx_word' id='word_1_120' title='bbox 725 1838 896 1903; x_wconf 91' lang='lat' dir='ltr'>declinatis</span> <span class='ocrx_word' id='word_1_121' title='bbox 921 1838 1051 1903; x_wconf 88' lang='lat' dir='ltr'>ceteris:</span> <span class='ocrx_word' id='word_1_122' title='bbox 1075 1861 1157 1923; x_wconf 90' lang='lat' dir='ltr'>quae</span> <span class='ocrx_word' id='word_1_123' title='bbox 1176 1839 1302 1924; x_wconf 87' lang='lat' dir='ltr'>pridem</span> <span class='ocrx_word' id='word_1_124' title='bbox 1315 1838 1428 1904; x_wconf 86' lang='lat' dir='ltr'>Momm·</span> <span class='ocrx_word' id='word_1_125' title='bbox 1473 1877 1478 1918; x_wconf 60' lang='lat'>‚=</span> 
     </span>
     <span class='ocr_line' id='line_1_16' title="bbox 309 1929 1479 2030; baseline -0.005 -19"><span class='ocrx_word' id='word_1_126' title='bbox 309 1970 404 2012; x_wconf 82' lang='lat' dir='ltr'>scmus</span> <span class='ocrx_word' id='word_1_127' title='bbox 427 1970 458 2030; x_wconf 95' lang='lat' dir='ltr'>p.</span> <span class='ocrx_word' id='word_1_128' title='bbox 477 1948 543 2011; x_wconf 78' lang='lat'>204</span> <span class='ocrx_word' id='word_1_129' title='bbox 566 1949 651 2011; x_wconf 88' lang='lat' dir='ltr'>inter</span> <span class='ocrx_word' id='word_1_130' title='bbox 675 1970 709 2011; x_wconf 90' lang='lat' dir='ltr'>se</span> <span class='ocrx_word' id='word_1_131' title='bbox 733 1945 899 2010; x_wconf 84' lang='lat' dir='ltr'>contendit</span> <span class='ocrx_word' id='word_1_132' title='bbox 923 1943 1085 2027; x_wconf 85' lang='lat' dir='ltr'>(immixta</span> <span class='ocrx_word' id='word_1_133' title='bbox 1107 1945 1239 2030; x_wconf 88' lang='lat' dir='ltr'>quidem</span> <span class='ocrx_word' id='word_1_134' title='bbox 1259 1943 1428 2011; x_wconf 79' lang='lat' dir='ltr'>tADINOll</span> <span class='ocrx_word' id='word_1_135' title='bbox 1472 1929 1479 1950; x_wconf 60' lang='lat'>&#39;³</span> 
     </span>
     <span class='ocr_line' id='line_1_17' title="bbox 308 2052 1428 2138; baseline -0.004 -20"><span class='ocrx_word' id='word_1_136' title='bbox 308 2055 527 2137; x_wconf 82' lang='lat' dir='ltr'>inscriptione,</span> <span class='ocrx_word' id='word_1_137' title='bbox 551 2055 641 2118; x_wconf 87' lang='lat' dir='ltr'>cuius</span> <span class='ocrx_word' id='word_1_138' title='bbox 665 2058 741 2138; x_wconf 90' lang='lat' dir='ltr'>post</span> <span class='ocrx_word' id='word_1_139' title='bbox 759 2052 950 2117; x_wconf 82' lang='lat' dir='ltr'>Eckhelium</span> <span class='ocrx_word' id='word_1_140' title='bbox 972 2052 1093 2118; x_wconf 90' lang='lat' dir='ltr'>nemini</span> <span class='ocrx_word' id='word_1_141' title='bbox 1117 2053 1168 2119; x_wconf 70' lang='lat' dir='ltr'>rel</span> <span class='ocrx_word' id='word_1_142' title='bbox 1189 2053 1282 2138; x_wconf 89' lang='lat' dir='ltr'>copia</span> <span class='ocrx_word' id='word_1_143' title='bbox 1298 2054 1379 2118; x_wconf 83' lang='lat' dir='ltr'>facia</span> <span class='ocrx_word' id='word_1_144' title='bbox 1394 2064 1428 2114; x_wconf 75' lang='lat' dir='ltr'>m</span> 
     </span>
     <span class='ocr_line' id='line_1_18' title="bbox 310 2159 756 2246; baseline -0.004 -19"><span class='ocrx_word' id='word_1_145' title='bbox 310 2163 360 2227; x_wconf 87' lang='lat' dir='ltr'>vel</span> <span class='ocrx_word' id='word_1_146' title='bbox 384 2163 567 2245; x_wconf 83' lang='lat' dir='ltr'>exemplum</span> <span class='ocrx_word' id='word_1_147' title='bbox 591 2159 756 2246; x_wconf 89' lang='lat' dir='ltr'>innotuit).</span> 
     </span>
    </p>

    <p class='ocr_par' dir='ltr' id='par_1_4' title="bbox 309 2268 1490 2996">
     <span class='ocr_line' id='line_1_19' title="bbox 397 2268 1427 2352; baseline -0.005 -18"><span class='ocrx_word' id='word_1_148' title='bbox 397 2268 465 2334; x_wconf 90' lang='lat' dir='ltr'>Nec</span> <span class='ocrx_word' id='word_1_149' title='bbox 489 2269 569 2333; x_wconf 88' lang='lat' dir='ltr'>illud</span> <span class='ocrx_word' id='word_1_150' title='bbox 587 2268 789 2333; x_wconf 89' lang='lat' dir='ltr'>Mommseno</span> <span class='ocrx_word' id='word_1_151' title='bbox 812 2289 878 2332; x_wconf 91' lang='lat' dir='ltr'>non</span> <span class='ocrx_word' id='word_1_152' title='bbox 901 2268 996 2332; x_wconf 81' lang='lat' dir='ltr'>iacile&#39;</span> <span class='ocrx_word' id='word_1_153' title='bbox 1020 2268 1220 2352; x_wconf 84' lang='lat' dir='ltr'>concedetur,</span> <span class='ocrx_word' id='word_1_154' title='bbox 1244 2269 1285 2334; x_wconf 85' lang='lat' dir='ltr'>ad</span> <span class='ocrx_word' id='word_1_155' title='bbox 1303 2269 1427 2333; x_wconf 80' lang='lat' dir='ltr'>similitu·</span> 
     </span>
     <span class='ocr_line' id='line_1_20' title="bbox 309 2373 1476 2460; baseline 0 -22"><span class='ocrx_word' id='word_1_156' title='bbox 309 2375 415 2439; x_wconf 89' lang='lat' dir='ltr'>dinem</span> <span class='ocrx_word' id='word_1_157' title='bbox 440 2373 653 2439; x_wconf 82' lang='lat' dir='ltr'>AISERNIM</span> <span class='ocrx_word' id='word_1_158' title='bbox 678 2375 800 2439; x_wconf 88' lang='lat' dir='ltr'>formae</span> <span class='ocrx_word' id='word_1_159' title='bbox 825 2375 924 2440; x_wconf 88' lang='lat' dir='ltr'>etiam</span> <span class='ocrx_word' id='word_1_160' title='bbox 946 2373 1066 2439; x_wconf 85' lang='grc' dir='ltr'><strong>ΤΙΑΤΙ</strong></span> <span class='ocrx_word' id='word_1_161' title='bbox 1089 2375 1330 2458; x_wconf 87' lang='lat' dir='ltr'>inscriptionem</span> <span class='ocrx_word' id='word_1_162' title='bbox 1353 2375 1427 2460; x_wconf 85' lang='lat' dir='ltr'>plun&#39;·</span> <span class='ocrx_word' id='word_1_163' title='bbox 1471 2402 1476 2413; x_wconf 91' lang='lat'><em>·</em></span> 
     </span>
     <span class='ocr_line' id='line_1_21' title="bbox 309 2481 1428 2568; baseline -0.002 -23"><span class='ocrx_word' id='word_1_164' title='bbox 309 2503 435 2546; x_wconf 88' lang='lat' dir='ltr'>morum</span> <span class='ocrx_word' id='word_1_165' title='bbox 468 2502 675 2545; x_wconf 90' lang='lat' dir='ltr'>nummorum</span> <span class='ocrx_word' id='word_1_166' title='bbox 707 2502 911 2545; x_wconf 91' lang='lat' dir='ltr'>communem</span> <span class='ocrx_word' id='word_1_167' title='bbox 949 2481 1160 2546; x_wconf 85' lang='lat' dir='ltr'>revocandam</span> <span class='ocrx_word' id='word_1_168' title='bbox 1194 2503 1278 2566; x_wconf 85' lang='lat' dir='ltr'>esso,</span> <span class='ocrx_word' id='word_1_169' title='bbox 1313 2485 1428 2568; x_wconf 79' lang='lat' dir='ltr'>positam</span> 
     </span>
     <span class='ocr_line' id='line_1_22' title="bbox 310 2587 1428 2674; baseline 0 -22"><span class='ocrx_word' id='word_1_170' title='bbox 310 2611 379 2652; x_wconf 90' lang='lat' dir='ltr'>eam</span> <span class='ocrx_word' id='word_1_171' title='bbox 405 2589 534 2672; x_wconf 88' lang='lat' dir='ltr'>quidem</span> <span class='ocrx_word' id='word_1_172' title='bbox 563 2610 621 2672; x_wconf 91' lang='lat' dir='ltr'>pro</span> <span class='ocrx_word' id='word_1_173' title='bbox 645 2588 789 2652; x_wconf 85' lang='lat' dir='ltr'>Tiatim</span> <span class='ocrx_word' id='word_1_174' title='bbox 818 2587 839 2652; x_wconf 87' lang='lat' dir='ltr'>i.</span> <span class='ocrx_word' id='word_1_175' title='bbox 858 2609 883 2650; x_wconf 91' lang='lat' dir='ltr'>e.</span> <span class='ocrx_word' id='word_1_176' title='bbox 908 2587 1088 2652; x_wconf 83' lang='lat' dir='ltr'>Tiatium.</span> <span class='ocrx_word' id='word_1_177' title='bbox 1138 2587 1207 2652; x_wconf 90' lang='lat' dir='ltr'>Nec</span> <span class='ocrx_word' id='word_1_178' title='bbox 1229 2611 1288 2673; x_wconf 88' lang='lat' dir='ltr'>per</span> <span class='ocrx_word' id='word_1_179' title='bbox 1310 2613 1342 2654; x_wconf 86' lang='lat' dir='ltr'>sc</span> <span class='ocrx_word' id='word_1_180' title='bbox 1363 2589 1428 2674; x_wconf 84' lang='lat' dir='ltr'>quic·</span> 
     </span>
     <span class='ocr_line' id='line_1_23' title="bbox 309 2694 1427 2779; baseline -0.002 -21"><span class='ocrx_word' id='word_1_181' title='bbox 309 2718 406 2779; x_wconf 89' lang='lat' dir='ltr'>quam</span> <span class='ocrx_word' id='word_1_182' title='bbox 431 2694 542 2759; x_wconf 85' lang='lat' dir='ltr'>obstat</span> <span class='ocrx_word' id='word_1_183' title='bbox 565 2696 737 2779; x_wconf 89' lang='lat' dir='ltr'>quominus</span> <span class='ocrx_word' id='word_1_184' title='bbox 758 2694 869 2760; x_wconf 88' lang='lat' dir='ltr'>eodem</span> <span class='ocrx_word' id='word_1_185' title='bbox 889 2695 969 2759; x_wconf 91' lang='lat' dir='ltr'>item</span> <span class='ocrx_word' id='word_1_186' title='bbox 986 2694 1250 2778; x_wconf 87' lang='lat' dir='ltr'>frequentissima</span> <span class='ocrx_word' id='word_1_187' title='bbox 1265 2694 1427 2763; x_wconf 81' lang='lat' dir='ltr'>LOVGEIll</span> 
     </span>
     <span class='ocr_line' id='line_1_24' title="bbox 310 2785 1490 2888; baseline -0.002 -22"><span class='ocrx_word' id='word_1_188' title='bbox 310 2801 390 2888; x_wconf 86' lang='lat' dir='ltr'>(uon</span> <span class='ocrx_word' id='word_1_189' title='bbox 410 2798 609 2886; x_wconf 75' lang='lat' dir='ltr'>tOVOERI,</span> <span class='ocrx_word' id='word_1_190' title='bbox 633 2806 670 2866; x_wconf 88' lang='lat' dir='ltr'>ut</span> <span class='ocrx_word' id='word_1_191' title='bbox 692 2801 834 2886; x_wconf 80' lang='lat' dir='ltr'>videtur)</span> <span class='ocrx_word' id='word_1_192' title='bbox 858 2802 1035 2888; x_wconf 84' lang='lat' dir='ltr'>epigraphe</span> <span class='ocrx_word' id='word_1_193' title='bbox 1054 2801 1221 2868; x_wconf 85' lang='lat' dir='ltr'>referatur.</span> <span class='ocrx_word' id='word_1_194' title='bbox 1253 2804 1427 2887; x_wconf 81' lang='lat' dir='ltr'>Quamquam</span> <span class='ocrx_word' id='word_1_195' title='bbox 1489 2785 1490 2788; x_wconf 8' lang='grc' dir='ltr'><strong>Ἴ</strong></span> 
     </span>
     <span class='ocr_line' id='line_1_25' title="bbox 309 2908 1429 2996; baseline -0.002 -23"><span class='ocrx_word' id='word_1_196' title='bbox 309 2910 389 2974; x_wconf 89' lang='lat' dir='ltr'>haec</span> <span class='ocrx_word' id='word_1_197' title='bbox 412 2931 478 2973; x_wconf 91' lang='lat' dir='ltr'>non</span> <span class='ocrx_word' id='word_1_198' title='bbox 499 2932 559 2975; x_wconf 90' lang='lat' dir='ltr'>nos</span> <span class='ocrx_word' id='word_1_199' title='bbox 583 2911 668 2996; x_wconf 85' lang='lat' dir='ltr'>fugit</span> <span class='ocrx_word' id='word_1_200' title='bbox 693 2911 791 2974; x_wconf 90' lang='lat' dir='ltr'>etiam</span> <span class='ocrx_word' id='word_1_201' title='bbox 811 2911 991 2993; x_wconf 84' lang='lat' dir='ltr'>planiorem</span> <span class='ocrx_word' id='word_1_202' title='bbox 1009 2908 1256 2991; x_wconf 82' lang='lat' dir='ltr'>explicationem</span> <span class='ocrx_word' id='word_1_203' title='bbox 1277 2911 1429 2975; x_wconf 80' lang='lat' dir='ltr'>admittere.</span> 
     </span>
    </p>

    <p class='ocr_par' dir='ltr' id='par_1_5' title="bbox 311 3014 1427 3420">
     <span class='ocr_line' id='line_1_26' title="bbox 400 3014 1424 3100; baseline -0.003 -20"><span class='ocrx_word' id='word_1_204' title='bbox 400 3015 521 3092; x_wconf 78' lang='lat' dir='ltr'>Quodsi</span> <span class='ocrx_word' id='word_1_205' title='bbox 555 3017 631 3080; x_wconf 88' lang='lat' dir='ltr'>talis</span> <span class='ocrx_word' id='word_1_206' title='bbox 663 3016 835 3080; x_wconf 87' lang='lat' dir='ltr'>declinatio</span> <span class='ocrx_word' id='word_1_207' title='bbox 868 3037 907 3080; x_wconf 85' lang='lat' dir='ltr'>ex</span> <span class='ocrx_word' id='word_1_208' title='bbox 935 3014 1091 3080; x_wconf 84' lang='lat' dir='ltr'>Oscorum</span> <span class='ocrx_word' id='word_1_209' title='bbox 1124 3016 1233 3100; x_wconf 87' lang='lat' dir='ltr'>potius</span> <span class='ocrx_word' id='word_1_210' title='bbox 1266 3039 1324 3081; x_wconf 91' lang='lat' dir='ltr'>usu</span> <span class='ocrx_word' id='word_1_211' title='bbox 1353 3023 1424 3099; x_wconf 66' lang='lat' dir='ltr'>atqui</span> 
     </span>
     <span class='ocr_line' id='line_1_27' title="bbox 311 3122 1426 3206; baseline -0.003 -20"><span class='ocrx_word' id='word_1_212' title='bbox 311 3122 541 3187; x_wconf 88' lang='lat' dir='ltr'>consuetudine</span> <span class='ocrx_word' id='word_1_213' title='bbox 565 3145 634 3186; x_wconf 88' lang='lat' dir='ltr'>esse</span> <span class='ocrx_word' id='word_1_214' title='bbox 658 3122 833 3206; x_wconf 86' lang='lat' dir='ltr'>repetenda</span> <span class='ocrx_word' id='word_1_215' title='bbox 859 3123 930 3186; x_wconf 85' lang='lat' dir='ltr'>visa</span> <span class='ocrx_word' id='word_1_216' title='bbox 953 3126 1017 3204; x_wconf 88' lang='lat' dir='ltr'>est,</span> <span class='ocrx_word' id='word_1_217' title='bbox 1045 3125 1153 3187; x_wconf 82' lang='lat' dir='ltr'>tamen</span> <span class='ocrx_word' id='word_1_218' title='bbox 1177 3122 1262 3188; x_wconf 89' lang='lat' dir='ltr'>hanc</span> <span class='ocrx_word' id='word_1_219' title='bbox 1284 3123 1426 3189; x_wconf 85' lang='lat' dir='ltr'>ratiocina-</span> 
     </span>
     <span class='ocr_line' id='line_1_28' title="bbox 311 3227 1427 3316; baseline -0.001 -24"><span class='ocrx_word' id='word_1_220' title='bbox 311 3229 434 3292; x_wconf 87' lang='lat' dir='ltr'>tionem</span> <span class='ocrx_word' id='word_1_221' title='bbox 457 3230 685 3293; x_wconf 87' lang='lat' dir='ltr'>neccssitatom</span> <span class='ocrx_word' id='word_1_222' title='bbox 708 3250 773 3292; x_wconf 89' lang='lat' dir='ltr'>uon</span> <span class='ocrx_word' id='word_1_223' title='bbox 796 3227 917 3292; x_wconf 87' lang='lat' dir='ltr'>habere</span> <span class='ocrx_word' id='word_1_224' title='bbox 940 3227 1110 3292; x_wconf 87' lang='lat' dir='ltr'>fatendum</span> <span class='ocrx_word' id='word_1_225' title='bbox 1133 3229 1208 3313; x_wconf 85' lang='lat' dir='ltr'>erit,</span> <span class='ocrx_word' id='word_1_226' title='bbox 1231 3251 1270 3295; x_wconf 85' lang='lat' dir='ltr'>ex</span> <span class='ocrx_word' id='word_1_227' title='bbox 1293 3254 1353 3316; x_wconf 87' lang='lat' dir='ltr'>quo</span> <span class='ocrx_word' id='word_1_228' title='bbox 1372 3251 1427 3293; x_wconf 81' lang='lat' dir='ltr'>oau-</span> 
     </span>
     <span class='ocr_line' id='line_1_29' title="bbox 311 3335 1426 3420; baseline -0.006 -19"><span class='ocrx_word' id='word_1_229' title='bbox 311 3338 382 3401; x_wconf 89' lang='lat' dir='ltr'>dem</span> <span class='ocrx_word' id='word_1_230' title='bbox 415 3335 595 3400; x_wconf 89' lang='lat' dir='ltr'>declinandi</span> <span class='ocrx_word' id='word_1_231' title='bbox 629 3336 768 3420; x_wconf 86' lang='lat' dir='ltr'>speciem</span> <span class='ocrx_word' id='word_1_232' title='bbox 797 3335 877 3420; x_wconf 87' lang='lat' dir='ltr'>ipsis</span> <span class='ocrx_word' id='word_1_233' title='bbox 908 3336 1033 3401; x_wconf 89' lang='lat' dir='ltr'>Latinis</span> <span class='ocrx_word' id='word_1_234' title='bbox 1067 3339 1230 3403; x_wconf 81' lang='lat' dir='ltr'>veteribus</span> <span class='ocrx_word' id='word_1_235' title='bbox 1263 3361 1334 3404; x_wconf 92' lang='lat' dir='ltr'>cum</span> <span class='ocrx_word' id='word_1_236' title='bbox 1358 3335 1426 3402; x_wconf 83' lang='lat' dir='ltr'>Oscis</span> 
     </span>
    </p>
   </div>
   <div class='ocr_carea' id='block_1_3' title="bbox 309 3526 1483 4493">
    <p class='ocr_par' dir='ltr' id='par_1_6' title="bbox 309 3526 1483 4493">
     <span class='ocr_line' id='line_1_30' title="bbox 399 3526 1425 3600; baseline 0.001 -15"><span class='ocrx_word' id='word_1_237' title='bbox 399 3532 423 3600; x_wconf 87' lang='grc'>*)</span> <span class='ocrx_word' id='word_1_238' title='bbox 443 3531 486 3585; x_wconf 81' lang='lat' dir='ltr'>Ad</span> <span class='ocrx_word' id='word_1_239' title='bbox 507 3531 593 3584; x_wconf 88' lang='lat' dir='ltr'>talem</span> <span class='ocrx_word' id='word_1_240' title='bbox 612 3530 816 3585; x_wconf 85' lang='lat' dir='ltr'>nominativum</span> <span class='ocrx_word' id='word_1_241' title='bbox 841 3532 884 3584; x_wconf 91' lang='lat' dir='ltr'>est</span> <span class='ocrx_word' id='word_1_242' title='bbox 907 3530 956 3600; x_wconf 89' lang='lat' dir='ltr'>qui</span> <span class='ocrx_word' id='word_1_243' title='bbox 975 3530 1136 3586; x_wconf 79' lang='lat' dir='ltr'>dubitanter</span> <span class='ocrx_word' id='word_1_244' title='bbox 1154 3530 1240 3586; x_wconf 84' lang='lat' dir='ltr'>etiam</span> <span class='ocrx_word' id='word_1_245' title='bbox 1259 3531 1383 3586; x_wconf 65' lang='lat' dir='ltr'>Matisa</span> <span class='ocrx_word' id='word_1_246' title='bbox 1398 3526 1425 3580; x_wconf 69' lang='lat' dir='ltr'>vd</span> 
     </span>
     <span class='ocr_line' id='line_1_31' title="bbox 310 3619 1425 3691; baseline -0.007 -13"><span class='ocrx_word' id='word_1_247' title='bbox 310 3624 440 3678; x_wconf 75' lang='lat' dir='ltr'>MAbIES</span> <span class='ocrx_word' id='word_1_248' title='bbox 460 3619 670 3689; x_wconf 85' lang='lat' dir='ltr'>inscriptionem</span> <span class='ocrx_word' id='word_1_249' title='bbox 691 3637 786 3674; x_wconf 89' lang='lat' dir='ltr'>eorum</span> <span class='ocrx_word' id='word_1_250' title='bbox 806 3637 982 3674; x_wconf 88' lang='lat' dir='ltr'>nummorum</span> <span class='ocrx_word' id='word_1_251' title='bbox 1000 3620 1116 3687; x_wconf 84' lang='lat' dir='ltr'>referat,</span> <span class='ocrx_word' id='word_1_252' title='bbox 1136 3639 1205 3688; x_wconf 88' lang='lat' dir='ltr'>quos</span> <span class='ocrx_word' id='word_1_253' title='bbox 1225 3622 1357 3691; x_wconf 87' lang='lat' dir='ltr'>exemplis</span> <span class='ocrx_word' id='word_1_254' title='bbox 1372 3619 1425 3672; x_wconf 76' lang='lat' dir='ltr'>ebd-</span> 
     </span>
     <span class='ocr_line' id='line_1_32' title="bbox 310 3707 1480 3784; baseline -0.01 -16"><span class='ocrx_word' id='word_1_255' title='bbox 310 3712 459 3784; x_wconf 78' lang='lat' dir='ltr'>cographis</span> <span class='ocrx_word' id='word_1_256' title='bbox 489 3709 711 3779; x_wconf 85' lang='lat' dir='ltr'>repraesentatos</span> <span class='ocrx_word' id='word_1_257' title='bbox 740 3709 826 3762; x_wconf 85' lang='lat' dir='ltr'>habes</span> <span class='ocrx_word' id='word_1_258' title='bbox 853 3708 882 3761; x_wconf 90' lang='lat' dir='ltr'>in</span> <span class='ocrx_word' id='word_1_259' title='bbox 911 3708 975 3762; x_wconf 89' lang='lat' dir='ltr'>lulii</span> <span class='ocrx_word' id='word_1_260' title='bbox 997 3708 1205 3764; x_wconf 84' lang='lat' dir='ltr'>Friedlaenderi</span> <span class='ocrx_word' id='word_1_261' title='bbox 1228 3709 1352 3764; x_wconf 77' lang='lat' dir='ltr'>Nummio</span> <span class='ocrx_word' id='word_1_262' title='bbox 1372 3709 1425 3764; x_wconf 64' lang='lat' dir='ltr'>Osi.»</span> <span class='ocrx_word' id='word_1_263' title='bbox 1479 3707 1480 3734; x_wconf 70' lang='lat'>³</span> 
     </span>
     <span class='ocr_line' id='line_1_33' title="bbox 309 3793 1425 3867; baseline -0.012 -10"><span class='ocrx_word' id='word_1_264' title='bbox 309 3804 366 3857; x_wconf 84' lang='lat' dir='ltr'>tab.</span> <span class='ocrx_word' id='word_1_265' title='bbox 382 3802 447 3854; x_wconf 87' lang='lat' dir='ltr'>Vlll</span> <span class='ocrx_word' id='word_1_266' title='bbox 465 3799 528 3864; x_wconf 82' lang='lat' dir='ltr'>ini,</span> <span class='ocrx_word' id='word_1_267' title='bbox 549 3797 577 3851; x_wconf 90' lang='lat' dir='ltr'>in</span> <span class='ocrx_word' id='word_1_268' title='bbox 597 3799 660 3851; x_wconf 91' lang='lat' dir='ltr'>lulii</span> <span class='ocrx_word' id='word_1_269' title='bbox 675 3797 834 3852; x_wconf 86' lang='lat' dir='ltr'>Minervinii</span> <span class='ocrx_word' id='word_1_270' title='bbox 851 3797 1028 3852; x_wconf 88' lang='lat' dir='ltr'>‘Bullettino&#39;</span> <span class='ocrx_word' id='word_1_271' title='bbox 1045 3797 1327 3867; x_wconf 72' lang='lat' dir='ltr'>Neapolitanorum,</span> <span class='ocrx_word' id='word_1_272' title='bbox 1344 3798 1388 3852; x_wconf 82' lang='lat' dir='ltr'>rol</span> <span class='ocrx_word' id='word_1_273' title='bbox 1401 3793 1425 3847; x_wconf 93' lang='lat' dir='ltr'>lll</span> 
     </span>
     <span class='ocr_line' id='line_1_34' title="bbox 310 3885 1481 3957; baseline -0.01 -10"><span class='ocrx_word' id='word_1_274' title='bbox 310 3893 366 3947; x_wconf 87' lang='lat' dir='ltr'>tab.</span> <span class='ocrx_word' id='word_1_275' title='bbox 383 3891 447 3957; x_wconf 79' lang='grc' dir='ltr'>ΧΠ,</span> <span class='ocrx_word' id='word_1_276' title='bbox 467 3895 482 3942; x_wconf 82' lang='grc'><strong>9</strong></span> <span class='ocrx_word' id='word_1_277' title='bbox 503 3889 558 3955; x_wconf 72' lang='lat' dir='ltr'>&lt;vel</span> <span class='ocrx_word' id='word_1_278' title='bbox 579 3887 696 3957; x_wconf 78' lang='lat' dir='ltr'>‘Saggio</span> <span class='ocrx_word' id='word_1_279' title='bbox 712 3886 740 3940; x_wconf 90' lang='lat' dir='ltr'>di</span> <span class='ocrx_word' id='word_1_280' title='bbox 756 3886 940 3941; x_wconf 86' lang='lat' dir='ltr'>osservaaioni</span> <span class='ocrx_word' id='word_1_281' title='bbox 956 3885 1182 3942; x_wconf 82' lang='lat' dir='ltr'>numismatiche’</span> <span class='ocrx_word' id='word_1_282' title='bbox 1199 3887 1257 3942; x_wconf 85' lang='lat' dir='ltr'>tab.</span> <span class='ocrx_word' id='word_1_283' title='bbox 1273 3888 1317 3956; x_wconf 74' lang='grc' dir='ltr'>Ν,</span> <span class='ocrx_word' id='word_1_284' title='bbox 1330 3891 1361 3954; x_wconf 80' lang='grc'>9),</span> <span class='ocrx_word' id='word_1_285' title='bbox 1378 3887 1423 3939; x_wconf 72' lang='lat' dir='ltr'>ileu</span> <span class='ocrx_word' id='word_1_286' title='bbox 1480 3909 1481 3920; x_wconf 78' lang='lat'>.</span> 
     </span>
     <span class='ocr_line' id='line_1_35' title="bbox 311 3973 1481 4048; baseline -0.01 -13"><span class='ocrx_word' id='word_1_287' title='bbox 311 3983 338 4035; x_wconf 89' lang='lat' dir='ltr'>in</span> <span class='ocrx_word' id='word_1_288' title='bbox 358 3976 537 4034; x_wconf 79' lang='lat' dir='ltr'>Leuci-manti</span> <span class='ocrx_word' id='word_1_289' title='bbox 561 3980 590 4030; x_wconf 88' lang='lat' dir='ltr'>et</span> <span class='ocrx_word' id='word_1_290' title='bbox 609 3976 762 4031; x_wconf 84' lang='lat' dir='ltr'>De-lVittii</span> <span class='ocrx_word' id='word_1_291' title='bbox 783 3976 868 4030; x_wconf 85' lang='lat' dir='ltr'>‘Elite</span> <span class='ocrx_word' id='word_1_292' title='bbox 892 3977 940 4030; x_wconf 88' lang='lat' dir='ltr'>des</span> <span class='ocrx_word' id='word_1_293' title='bbox 960 3977 1136 4030; x_wconf 87' lang='lat' dir='ltr'>monuments</span> <span class='ocrx_word' id='word_1_294' title='bbox 1161 3973 1422 4048; x_wconf 68' lang='lat' dir='ltr'>ceramographiqms&#39;</span> <span class='ocrx_word' id='word_1_295' title='bbox 1480 4007 1481 4014; x_wconf 64' lang='lat'>.</span> 
     </span>
     <span class='ocr_line' id='line_1_36' title="bbox 310 4061 1482 4146; baseline -0.009 -21"><span class='ocrx_word' id='word_1_296' title='bbox 310 4071 458 4125; x_wconf 85' lang='lat' dir='ltr'>introduct.</span> <span class='ocrx_word' id='word_1_297' title='bbox 484 4087 510 4136; x_wconf 89' lang='lat' dir='ltr'>p.</span> <span class='ocrx_word' id='word_1_298' title='bbox 526 4066 653 4120; x_wconf 83' lang='lat' dir='ltr'>XLVlll:</span> <span class='ocrx_word' id='word_1_299' title='bbox 682 4067 793 4134; x_wconf 86' lang='lat' dir='ltr'>quando</span> <span class='ocrx_word' id='word_1_300' title='bbox 813 4065 847 4119; x_wconf 90' lang='lat' dir='ltr'>do</span> <span class='ocrx_word' id='word_1_301' title='bbox 866 4065 1021 4120; x_wconf 88' lang='lat' dir='ltr'>Beneventi</span> <span class='ocrx_word' id='word_1_302' title='bbox 1044 4065 1202 4135; x_wconf 81' lang='lat' dir='ltr'>antiquiora</span> <span class='ocrx_word' id='word_1_303' title='bbox 1227 4069 1334 4122; x_wconf 83' lang='lat' dir='ltr'>nomine</span> <span class='ocrx_word' id='word_1_304' title='bbox 1351 4061 1420 4120; x_wconf 80' lang='lat' dir='ltr'>liali·</span> <span class='ocrx_word' id='word_1_305' title='bbox 1479 4136 1482 4146; x_wconf 36' lang='grc' dir='ltr'>Ι</span> 
     </span>
     <span class='ocr_line' id='line_1_37' title="bbox 311 4155 1482 4228; baseline -0.005 -15"><span class='ocrx_word' id='word_1_306' title='bbox 311 4177 385 4213; x_wconf 83' lang='lat' dir='ltr'>csso</span> <span class='ocrx_word' id='word_1_307' title='bbox 408 4156 537 4225; x_wconf 79' lang='lat' dir='ltr'>quamvis</span> <span class='ocrx_word' id='word_1_308' title='bbox 562 4156 687 4223; x_wconf 85' lang='lat' dir='ltr'>speciosa</span> <span class='ocrx_word' id='word_1_309' title='bbox 710 4155 869 4210; x_wconf 89' lang='lat' dir='ltr'>coniectura</span> <span class='ocrx_word' id='word_1_310' title='bbox 892 4155 1059 4210; x_wconf 89' lang='lat' dir='ltr'>Mommseni</span> <span class='ocrx_word' id='word_1_311' title='bbox 1084 4155 1129 4225; x_wconf 89' lang='lat' dir='ltr'>(de</span> <span class='ocrx_word' id='word_1_312' title='bbox 1152 4155 1220 4211; x_wconf 81' lang='lat' dir='ltr'>dial.</span> <span class='ocrx_word' id='word_1_313' title='bbox 1239 4176 1267 4228; x_wconf 93' lang='lat' dir='ltr'>p.</span> <span class='ocrx_word' id='word_1_314' title='bbox 1283 4163 1340 4222; x_wconf 73' lang='lat'>102,</span> <span class='ocrx_word' id='word_1_315' title='bbox 1360 4156 1387 4208; x_wconf 82' lang='lat' dir='ltr'>de</span> <span class='ocrx_word' id='word_1_316' title='bbox 1402 4169 1420 4202; x_wconf 74' lang='lat' dir='ltr'>re</span> <span class='ocrx_word' id='word_1_317' title='bbox 1478 4176 1482 4217; x_wconf 68' lang='lat' dir='ltr'>l</span> 
     </span>
     <span class='ocr_line' id='line_1_38' title="bbox 311 4222 1483 4316; baseline -0.007 -15"><span class='ocrx_word' id='word_1_318' title='bbox 311 4265 414 4301; x_wconf 89' lang='lat' dir='ltr'>numm.</span> <span class='ocrx_word' id='word_1_319' title='bbox 434 4246 512 4300; x_wconf 84' lang='lat' dir='ltr'>Rom.</span> <span class='ocrx_word' id='word_1_320' title='bbox 533 4245 562 4298; x_wconf 90' lang='lat' dir='ltr'>in</span> <span class='ocrx_word' id='word_1_321' title='bbox 577 4243 730 4297; x_wconf 82' lang='lat' dir='ltr'>Commeat.</span> <span class='ocrx_word' id='word_1_322' title='bbox 751 4261 804 4298; x_wconf 91' lang='lat' dir='ltr'>soc.</span> <span class='ocrx_word' id='word_1_323' title='bbox 821 4246 884 4300; x_wconf 83' lang='lat' dir='ltr'>Sar.</span> <span class='ocrx_word' id='word_1_324' title='bbox 904 4245 938 4298; x_wconf 90' lang='lat' dir='ltr'>cl.</span> <span class='ocrx_word' id='word_1_325' title='bbox 958 4244 1023 4299; x_wconf 87' lang='lat' dir='ltr'>hist.</span> <span class='ocrx_word' id='word_1_326' title='bbox 1043 4243 1112 4314; x_wconf 89' lang='lat' dir='ltr'>phil.</span> <span class='ocrx_word' id='word_1_327' title='bbox 1131 4243 1187 4300; x_wconf 82' lang='lat' dir='ltr'>vol.</span> <span class='ocrx_word' id='word_1_328' title='bbox 1203 4245 1215 4296; x_wconf 95' lang='lat' dir='ltr'>l</span> <span class='ocrx_word' id='word_1_329' title='bbox 1234 4264 1260 4316; x_wconf 90' lang='lat' dir='ltr'>p.</span> <span class='ocrx_word' id='word_1_330' title='bbox 1274 4247 1333 4312; x_wconf 78' lang='grc'>233)</span> <span class='ocrx_word' id='word_1_331' title='bbox 1353 4241 1419 4296; x_wconf 60' lang='lat' dir='ltr'>cede</span> <span class='ocrx_word' id='word_1_332' title='bbox 1479 4222 1483 4311; x_wconf 71' lang='lat' dir='ltr'>l</span> 
     </span>
     <span class='ocr_line' id='line_1_39' title="bbox 311 4329 1482 4404; baseline -0.006 -15"><span class='ocrx_word' id='word_1_333' title='bbox 311 4335 394 4390; x_wconf 86' lang='lat' dir='ltr'>simas</span> <span class='ocrx_word' id='word_1_334' title='bbox 414 4337 508 4387; x_wconf 85' lang='lat' dir='ltr'>tamen</span> <span class='ocrx_word' id='word_1_335' title='bbox 532 4333 721 4387; x_wconf 81' lang='lat' dir='ltr'>dubitationes</span> <span class='ocrx_word' id='word_1_336' title='bbox 740 4333 834 4389; x_wconf 90' lang='lat' dir='ltr'>habet.</span> <span class='ocrx_word' id='word_1_337' title='bbox 871 4334 930 4389; x_wconf 89' lang='lat' dir='ltr'>Neo</span> <span class='ocrx_word' id='word_1_338' title='bbox 949 4333 1155 4388; x_wconf 78' lang='lat' dir='ltr'>dubitationem</span> <span class='ocrx_word' id='word_1_339' title='bbox 1179 4333 1240 4404; x_wconf 85' lang='lat' dir='ltr'>ipse</span> <span class='ocrx_word' id='word_1_340' title='bbox 1263 4332 1357 4390; x_wconf 78' lang='lat' dir='ltr'>oalarit</span> <span class='ocrx_word' id='word_1_341' title='bbox 1372 4329 1419 4384; x_wconf 72' lang='lat' dir='ltr'>Hm</span> <span class='ocrx_word' id='word_1_342' title='bbox 1478 4340 1482 4400; x_wconf 66' lang='grc' dir='ltr'><strong>ξ</strong></span> 
     </span>
     <span class='ocr_line' id='line_1_40' title="bbox 311 4422 694 4493; baseline -0.008 -14"><span class='ocrx_word' id='word_1_343' title='bbox 311 4423 350 4479; x_wconf 87' lang='lat' dir='ltr'>rei</span> <span class='ocrx_word' id='word_1_344' title='bbox 370 4440 473 4477; x_wconf 85' lang='lat' dir='ltr'>numm.</span> <span class='ocrx_word' id='word_1_345' title='bbox 493 4422 571 4478; x_wconf 86' lang='lat' dir='ltr'>Rom.</span> <span class='ocrx_word' id='word_1_346' title='bbox 592 4441 617 4493; x_wconf 87' lang='lat' dir='ltr'>p.</span> <span class='ocrx_word' id='word_1_347' title='bbox 634 4429 694 4476; x_wconf 81' lang='lat'>316.</span> 
     </span>
    </p>
   </div>
   <div class='ocr_carea' id='block_1_4' title="bbox 0 0 1502 5122">
    <p class='ocr_par' dir='ltr' id='par_1_7' title="bbox 0 0 1502 5122">
     <span class='ocr_line' id='line_1_41' title="bbox 0 0 1502 5122; baseline 0 0"><span class='ocrx_word' id='word_1_348' title='bbox 0 0 1502 5122; x_wconf 95' lang='lat' dir='ltr'> </span> 
     </span>
    </p>
   </div>
  </div>
 </body>
</html>
