2972 5120
323 351 387 414 562
564 363 706 413 oniscon
729 364 956 412 nrmurrsrrs
980 363 1232 411 nnrounnurcsn

325 514 395 573 tum
418 509 506 573 nacti
530 509 646 574 merito
671 510 717 573 sic
741 509 1013 592 existimabimus,
1040 531 1106 574 non
1129 513 1167 572 ut
1190 529 1226 572 er
1248 507 1319 571 artis
1339 527 1428 590 gesen

325 616 363 680 de
392 619 498 680 aetate
530 616 733 680 monumenti
765 613 1000 698 coniciendum,
1032 614 1088 679 sed
1115 618 1153 679 ut
1181 635 1218 678 ex
1246 613 1428 697 inscriptionis

324 724 355 788 h.
375 746 400 788 e.
428 723 531 806 ipsius
560 724 759 787 monumenti
792 727 899 787 aetate
932 723 970 787 de
999 745 1116 808 genere
1151 723 1231 786 artis
1258 721 1429 785 iudicandum

325 853 394 896 esse
418 831 658 913 intellegamus.
693 830 805 914 Itaque
829 831 862 894 in
885 830 969 894 hanc
987 834 1114 912 partem
1134 829 1324 894 confidenter
1340 831 1431 890 statue

325 939 414 1021 bam,
447 960 518 1002 cum
547 938 585 1001 de
609 937 774 1002 mausoleo
798 936 955 1002 Glanensi
985 937 1093 1020 aliqua
1116 937 1279 1001 occasione
1306 956 1434 999 commen·

326 1045 421 1108 taber
439 1045 477 1107 de
498 1066 561 1128 qua
579 1045 717 1107 relatum
737 1045 834 1107 estin
850 1042 1007 1108 Gerhardi
1022 1043 1142 1108 Diariis
1163 1043 1317 1109 archaeol.
1334 1064 1359 1104 a.
1373 1040 1433 1103 istu

325 1173 355 1233 p.
378 1151 467 1216 134*.
514 1149 579 1214 Vbi
607 1152 645 1215 de
675 1151 806 1234 blillini,
839 1150 1006 1231 Labordii,
1038 1149 1207 1214 lllcrimaei
1238 1147 1435 1213 offensionibus

326 1256 581 1322 dubitationibus
609 1257 913 1342 reprehensionibus
942 1257 1091 1340 plurimis
1119 1278 1185 1320 non
1211 1255 1301 1339 potui
1327 1275 1385 1319 non
1406 1254 1436 1316 ito

326 1365 459 1446 sentire,
487 1363 545 1429 has
570 1369 607 1428 ut
630 1366 677 1429 cis
701 1365 927 1447 disceptandas
959 1363 1173 1448 expediendas
1196 1361 1357 1426 diluendas
1376 1383 1437 1423 con-

326 1471 487 1535 mitterem
516 1471 571 1555 qui
602 1472 807 1555 disciplinam
836 1471 1116 1555 archaeologicam
1145 1469 1335 1552 profitentur
1361 1466 1438 1548 adque
1477 1523 1478 1532 ,

326 1576 598 1642 architectonicen
622 1578 729 1642 studia
752 1578 957 1642 contulerunt
980 1599 1048 1641 sua.
1094 1575 1179 1640 Nam
1203 1581 1321 1640 memet
1341 1573 1440 1637 cumin
1477 1579 1478 1668 p

326 1683 442 1748 horum
466 1707 598 1750 numero
623 1685 755 1749 minime
779 1707 956 1762 censerem,
988 1688 1097 1748 tamen
1124 1687 1253 1748 tantum
1283 1681 1442 1762 intellegere
1477 1671 1478 1700 l

328 1791 466 1874 videbar,
498 1814 535 1856 eo
559 1813 629 1855 esse
653 1792 834 1855 necessario
863 1790 1071 1855 adnitendum
1094 1793 1132 1854 ut
1153 1812 1226 1855 cum
1250 1785 1441 1869 inscriptionis

327 1897 524 1980 antiquitate
553 1896 633 1960 artis
661 1896 860 1961 existimatio
889 1896 999 1980 aliqua
1027 1897 1079 1959 via
1109 1896 1344 1960 conciliaretur.
1384 1891 1442 1966 (tuo-

327 2003 412 2066 circa
436 2003 572 2067 ltomam
596 2003 704 2066 missis
729 2002 1004 2067 Labordianarum
1033 2003 1220 2067 tabularum
1245 2002 1390 2085 exemplis
1409 1999 1442 2060 dc-

328 2109 477 2172 lineando
501 2109 612 2191 faetiS,
642 2110 717 2193 quid
742 2109 872 2173 tandem
896 2109 991 2173 huius
1015 2110 1062 2172 rei
1085 2115 1172 2174 esset
1196 2132 1213 2173 e
1238 2109 1376 2173 Brunnio
1396 2129 1442 2189 per·

328 2215 459 2297 quisivi:
485 2215 540 2298 qui
564 2221 673 2279 tamen
699 2239 738 2279 ne
763 2216 958 2299 sicquidem
982 2219 1035 2279 sat
1057 2218 1128 2279 tuto
1148 2237 1246 2298 posse
1270 2216 1395 2280 iudicari
1413 2235 1443 2275 re

328 2321 460 2404 spondit
493 2321 556 2384 nisi
590 2324 660 2406 ipso
694 2326 902 2388 monumento
933 2323 1090 2405 inspecto.
1140 2321 1256 2405 ltaque
1290 2328 1442 2406 pergratos.

328 2429 445 2492 accidit
468 2428 552 2512 quod
577 2452 634 2510 per
657 2428 783 2492 itineris
802 2426 941 2491 Parisini
962 2427 1241 2510 opportunitatem
1264 2427 1355 2492 licuit
1371 2447 1444 2508 uupo
1476 2507 1477 2514 ἵ

329 2536 521 2599 suavissimo
556 2536 659 2599 amico
693 2534 833 2599 Glanum
866 2535 955 2598 adire
986 2535 1156 2618 ipsumque
1191 2535 1386 2599 mausoleum
1408 2552 1445 2614 prr
1475 2563 1477 2650 p

328 2664 439 2706 omues
464 2648 573 2725 partes
597 2643 652 2705 diu
675 2641 863 2724 placideque
888 2641 1101 2725 contemplari
1129 2642 1329 2723 perscrutari
1355 2639 1444 2704 riniuri.
1476 2673 1477 2702 l

328 2749 398 2823 Quo
427 2749 617 2831 planissime
645 2749 845 2813 intellectum
875 2751 925 2810 est
952 2748 1067 2811 mirum
1096 2752 1253 2831 quantum
1285 2748 1392 2812 fallere
1413 2743 1443 2804 ul

328 2854 549 2919 Labordianas
568 2855 708 2932 tabulas,
728 2855 795 2917 sive
816 2854 1082 2919 architectonicas
1100 2854 1246 2918 rationes
1261 2860 1385 2938 spectas
1401 2853 1444 2913 siu

281 3042 287 3055 ι
328 2962 496 3043 plastices:
522 2961 718 3046 singularem
744 2983 835 3043 sane,
863 2961 919 3024 sed
946 2960 1079 3024 minime
1107 2959 1219 3023 rudem
1244 2965 1344 3044 atque
1365 2961 1444 3021 incon

328 3067 429 3130 ditem
436 3118 445 3150 ,
468 3069 585 3131 nedum
609 3067 704 3130 vilem
730 3066 951 3149 abiectamquc
971 3069 1073 3129 artem
1092 3086 1221 3128 omnem
1241 3086 1392 3150 perquam
1410 3083 1445 3125 no

329 3176 438 3237 tabilis
458 3175 657 3239 monumenti
688 3196 771 3256 esse,
802 3174 902 3237 immo
931 3177 1017 3237 certo
1047 3172 1318 3257 consideratoque
1341 3169 1444 3236 consili·

328 3282 479 3345 instituta
503 3283 625 3345 omnia:
650 3281 797 3364 singulas
823 3280 977 3363 quasdam
1001 3283 1110 3362 partes
1134 3301 1154 3342 a
1175 3301 1293 3344 norma
1312 3292 1444 3344 consueti.-

330 3387 414 3449 dinis
433 3387 627 3468 recedentes,
652 3386 706 3449 sed
726 3386 854 3449 easdem
874 3386 940 3449 suis
960 3408 976 3448 e
996 3387 1119 3450 caussis
1139 3387 1341 3469 repetendas,
1360 3403 1443 3469 parur·

330 3493 468 3577 simplici
491 3493 706 3576 prudentique
729 3493 855 3574 iudicio,
877 3493 978 3557 immo
998 3493 1160 3577 cupidiore
1179 3494 1318 3559 fastidio
1336 3501 1366 3558 ct
1382 3509 1444 3575 pror

329 3605 459 3683 sumpta
487 3600 625 3682 (predam
654 3600 806 3682 opinione
840 3600 880 3662 ab
913 3600 1105 3682 antiquariis
1135 3600 1353 3666 existimatae:
1381 3620 1443 3682 proc

330 3709 416 3771 claro
440 3712 606 3790 tamquam
631 3707 856 3790 supplemento
886 3711 1128 3770 mouumentum
1154 3706 1320 3772 Glanense
1342 3727 1401 3770 esse
1418 3698 1441 3760 r'

330 3836 431 3878 vacua
458 3813 614 3897 quaedam
645 3813 817 3876 intervalla
849 3813 1006 3896 explenda
1034 3812 1149 3896 quibus
1181 3835 1369 3898 progressae
1395 3830 1443 3891 pur

254 3926 531 4004 V1¹1pagataeque
555 3921 636 3984 artis
661 3919 796 3983 seientia
818 3925 931 3983 nostra
951 3919 1053 3983 adhuc
1072 3919 1225 3984 hiaverit:
1250 3921 1292 3985 ab
1312 3921 1441 4002 elegeon

330 4032 363 4091 et
391 4027 621 4108 concinnitate,
654 4025 803 4109 quamvis
832 4047 869 4088 ea
897 4025 1090 4108 aliquotiens
1119 4025 1272 4090 solidiore
1300 4033 1332 4090 ¹et
1358 4043 1440 4108 propr

330 4134 461 4197 modum
485 4134 654 4218 pinguiore
684 4155 780 4216 quam
810 4131 959 4195 molliore
983 4136 1017 4195 et
1039 4131 1204 4215 politiore,
1231 4132 1313 4195 nihil
1341 4147 1439 4214 prouu*

330 4241 469 4322 obstare,
493 4240 664 4323 quominus
689 4240 717 4302 ei
741 4240 841 4302 ferme
866 4237 967 4302 aetati
985 4238 1065 4302 illud
1087 4237 1252 4302 tribuatur
1270 4231 1439 4321 quaem-«31²

330 4345 393 4407 fuit
415 4345 499 4408 inter
522 4344 556 4410 O.
576 4344 747 4410 Caesarem
775 4349 807 4408 et
831 4344 1045 4409 Octavianum
1069 4343 1266 4428 Augustum.
1306 4343 1353 4408 Ad
1378 4342 1438 4421 ipo

331 4455 438 4513 nortem
463 4453 583 4534 figuras
604 4453 636 4515 iu
656 4455 809 4532 quattuor
828 4451 915 4514 basis
935 4451 1090 4514 lateribus
1111 4472 1207 4534 opere
1226 4451 1347 4515 caelato
1365 4447 1438 4509 faia<
