2984 5122
318 321 382 386 506
551 339 694 388 cursous
718 342 944 390 uuuunmurrs
967 342 1223 391 accenseamus

342 565 345 568 Ι
407 481 578 549 Corollarii
601 485 686 570 loco,
715 485 867 569 quoniam
892 486 930 550 de
954 485 1115 552 dictatura
1136 486 1244 572 paullo
1266 487 1421 569 explicatius

317 590 469 674 diximus,
492 613 559 655 non
583 592 641 656 abs
665 615 700 656 re
723 593 822 658 fuerit
845 595 942 659 etiam
962 595 1001 659 de
1018 594 1207 680 magisterio
1225 593 1423 678 equitnmpau·

317 698 362 762 cis
387 699 580 784 significare,
604 721 798 784 quamquam
821 701 854 765 id
879 702 919 766 ad
942 701 1188 786 inscriptionem
1211 705 1345 766 nostram
1362 701 1424 765 nihil
1477 733 1478 740 .

316 807 466 890 pertinet.
511 804 598 871 Nam
622 806 660 870 de
683 807 745 873 hoc
768 831 894 894 quoque
923 811 1029 874 minus
1057 809 1233 892 diligenter
1254 807 1375 891 praecipi
1393 808 1424 870 at
1477 861 1478 870 ,

317 915 437 978 eisdem
465 913 714 978 enchiridiorum
743 915 955 1000 scriptoribus
985 914 1214 980 intelleximus.
1259 913 1426 990 Quorunut

317 1021 473 1085 incuriam
498 1021 639 1085 breviter
662 1022 814 1104 vitemus,
842 1023 1105 1108 magisteriorum
1127 1022 1260 1086 illorum
1280 1021 1355 1086 huuc-
1373 1044 1427 1104 pre

316 1129 480 1210 ponimus,
513 1149 595 1211 quae
619 1127 660 1192 ad
683 1128 879 1194 dictatorum
907 1129 1027 1193 indices
1052 1127 1295 1194 accommodata
1315 1133 1367 1209 est,
1388 1150 1428 1190 au·

317 1257 432 1298 uorum
456 1235 611 1299 tabulam.
656 1235 763 1320 Igitur
787 1235 950 1300 sciendum
974 1239 1025 1300 est
1046 1235 1146 1300 fuisse

316 1417 382 1479 per
402 1415 521 1458 annos
548 1380 777 1477 'magistros
798 1415 849 1477 eq.
869 1394 1094 1459 consulares
1141 1396 1216 1458 non
1236 1394 1429 1458 consuleres

339 1501 514 1565 aes-387
797 1499 877 1564 XIII
1273 1498 1333 1563 VH

339 1607 515 1672 391-433
807 1604 871 1670 VH
1268 1605 1341 1670 XXI

338 1714 514 1778 434-466
818 1710 866 1776 IX
1281 1710 1325 1776 lv

338 1820 515 1885 468-552
828 1818 857 1884 X
1272 1817 1333 1884 VII

247 2007 303 2046 xcv
318 1980 410 2044 Vnde
434 1981 634 2066 intellegitur
658 2003 696 2044 ea.
719 1983 838 2063 aetate,
867 2002 963 2063 quam
987 1980 1125 2044 alteram
1148 1978 1296 2062 fecimus,
1325 2000 1431 2062 prorsus

317 2086 455 2150 similem
484 2087 643 2152 rationem
672 2087 756 2150 inter
779 2085 963 2150 consulares
993 2089 1026 2149 et
1047 2107 1112 2150 non
1136 2087 1318 2151 consulares
1339 2084 1432 2168 magis·

317 2198 385 2257 tros
409 2194 554 2277 equitum
579 2199 674 2278 atque
699 2194 873 2258 dictatores
896 2193 1130 2277 intercessisse,
1161 2193 1224 2257 nisi
1251 2192 1330 2278 quod
1351 2191 1431 2254 multo

317 2301 415 2364 etiam
439 2301 543 2365 maior
565 2305 718 2365 'numerus
742 2322 807 2364 non
831 2299 1047 2364 consularium
1067 2300 1143 2364 fuit:
1166 2304 1242 2384 post
1264 2320 1372 2364 annum
1392 2319 1431 2360 au·

316 2411 383 2471 tem
411 2407 476 2472 433
508 2408 642 2472 minime
670 2429 740 2472 esse
769 2405 872 2470 eidem
906 2409 1003 2491 atque
1034 2407 1069 2471 in
1101 2406 1264 2472 dictatura
1293 2402 1430 2471 severitati

315 2515 423 2579 locum
445 2513 565 2579 datum.

407 2834 562 2921 Superest
585 2837 622 2899 ut
644 2835 787 2918 reliquas
810 2833 1038 2917 inscriptiones
1060 2833 1221 2900 tabulae
1245 2833 1260 2898 I
1284 2833 1363 2916 [XV]
1381 2835 1431 2896 bre

318 2943 400 3007 viter
424 2964 679 3026 percenseamus.

405 3048 520 3134 ltaque
549 3051 608 3114 sub
632 3048 666 3112 Β
694 3048 842 3131 speculi
870 3048 957 3112 illius
987 3045 1142 3132 Cosani,
1173 3048 1260 3133 quod
1286 3049 1319 3113 in
1342 3047 1430 3112 lllouu·

318 3160 499 3220 mentorum
523 3155 671 3220 instituti
695 3155 931 3239 archaeologici
954 3155 1093 3219 Romani
1116 3156 1179 3220 vol.
1194 3155 1243 3220 VI
1270 3157 1333 3221 tab.
1348 3149 1430 3218 XXIX

320 3259 368 3340 ΙΟ.
384 3262 406 3324 Ι.
422 3261 456 3324 L.
476 3263 490 3325 I
509 3287 539 3327 n.
555 3264 611 3346 573
635 3261 674 3325 cf.
690 3261 770 3325 Add.
792 3285 823 3344 p.
839 3261 917 3342 554]
942 3262 1142 3346 publicatum
1165 3262 1350 3328 iteravimus
1367 3261 1393 3324 P.
1407 3256 1429 3321 1.

319 3368 361 3432 Μ.
372 3367 409 3431 Ε.
425 3369 490 3432 tab.
505 3368 550 3432 XI
566 3369 625 3434 sub
636 3369 678 3433 M
690 3368 742 3449 [cf.
754 3391 853 3452 supra
862 3391 893 3452 p.
902 3368 992 3452 295],
1006 3391 1076 3434 eam
1090 3391 1172 3453 quae
1187 3371 1228 3434 ad
1243 3369 1428 3450 Respice

318 3478 444 3558 spectat
467 3476 677 3561 epigraphem
700 3477 1013 3560 repraesentavimus
1038 3497 1122 3542 novo
1146 3479 1293 3562 exemplo
1316 3475 1384 3540 duce
1402 3471 1428 3533 ab

317 3581 458 3645 Henrico
474 3583 618 3646 Brunnio
638 3587 761 3664 parato.
790 3581 817 3645 E
838 3604 900 3665 quo
916 3586 1003 3646 certo
1022 3582 1225 3666 perspicitur,
1241 3583 1323 3668 quod
1340 3598 1427 3646 nomeu

319 3688 423 3752 adhuc
439 3689 629 3752 credebatur
643 3684 891 3752 PROSEPNllI
907 3689 1062 3771 scriptum
1076 3711 1155 3772 esse,
1164 3687 1227 3754 hac
1239 3691 1341 3774 potius
1351 3685 1427 3770 specie

320 3817 402 3858 esse:
426 3791 707 3875 PROSEPNall:
734 3795 823 3859 cuius
847 3795 971 3860 formae
993 3794 1105 3859 littera
1127 3799 1272 3860 extrema
1294 3819 1348 3880 pro
1367 3792 1425 3856 cim

319 3901 403 3965 infra
427 3903 525 3986 positi
550 3902 665 3985 capitis
689 3902 804 3965 habita
825 3907 882 3966 est.
916 3903 1003 3978 Quae
1023 3923 1075 3966 res
1094 3905 1130 3967 ut
1147 3904 1286 3986 perlevis
1305 3893 1424 3967 mcmcut'¹

320 4032 389 4073 esse
414 4009 508 4074 facile
533 4010 672 4093 cuipiam
697 4009 866 4093 videbitur,
894 4010 942 4073 ita
964 4032 1030 4074 non
1052 4009 1136 4074 nihil
1158 4010 1284 4074 confert
1309 4009 1345 4072 ad
1363 4014 1424 4069 recte

320 4117 537 4180 aestimandas
568 4117 709 4202 genetivi
737 4117 861 4199 primae
889 4115 1114 4180 declinationis
1143 4115 1378 4194 vicissitudines,
1400 4105 1423 4168 dt

320 4224 435 4305 quibus
456 4224 673 4306 significatum
694 4226 750 4305 est,
769 4245 833 4286 non
853 4223 1046 4306 explicatum
1061 4221 1167 4287 Musei
1180 4221 1324 4287 Rhenani
1339 4209 1421 4283 cxli

320 4352 349 4411 p.
369 4330 434 4392 406
460 4333 569 4413 [supra
592 4355 621 4413 p.
641 4332 729 4412 413}
767 4329 832 4394 Vbi
856 4352 952 4413 quam
977 4330 1048 4394 sola
1070 4329 1195 4394 ratione
1219 4329 1296 4394 duce
1316 4317 1420 4411 genetivi

320 4435 458 4499 formam
477 4437 508 4499 in
528 4444 577 4501 ais·
596 4437 792 4500 desinentem
811 4437 1081 4521 proponebamus,
1099 4435 1204 4523 primo
1218 4457 1299 4502 nunc
1312 4434 1419 4517 ipsomu
