3040 5122
416 411 566 458 nmvnvs
591 409 809 458 nvnnmnvs.
1119 389 1182 454 105

68 555 243 640 Quapropter
265 554 346 619 mini
370 554 456 620 aliun
480 535 667 619 delitescere
691 553 725 617 n
749 551 816 616 lna
835 551 1016 616 litterarum
1037 550 1182 636 reliquiis

66 663 147 726 risum
175 665 236 744 est,
267 660 328 726 hoc
352 661 480 747 quidem
504 659 640 726 NANO:
672 681 736 746 qno
757 659 908 724 eximiam
932 657 1182 723 concinnitatem

65 768 217 834 secuntiae
239 767 470 834 nanciscimur:

90 873 136 939 Ne
157 871 363 958 quairatis,
385 873 581 960 hondra(s)
603 913 620 922 -
645 873 736 960 quei
756 874 884 938 minus
909 871 964 938 sit
987 873 1148 936 ndnclus

62 983 87 1048 h.
105 1005 126 1046 c.
151 982 308 1067 quomodo
336 981 460 1047 lactum
488 985 532 1048 sit
560 987 596 1048 ut
623 983 764 1047 honores
796 981 901 1045 minus
929 979 1183 1047 nmcisceretur:

62 1090 158 1173 qnippe
185 1089 240 1172 qni
272 1087 334 1152 XX
353 1111 454 1155 annos
483 1094 578 1154 natus
607 1093 745 1154 mortem
774 1087 900 1152 obierit.
946 1085 1075 1170 Arguta
1098 1085 1183 1150 enim

61 1195 201 1278 oppositio
220 1194 301 1260 haec
318 1194 369 1258 fit:
389 1195 443 1279 qui
462 1195 530 1260 sine
548 1194 725 1260 honoribus
740 1195 830 1278 vixit,
847 1215 913 1260 non
932 1192 1036 1258 caruit
1048 1193 1184 1257 honore:

60 1301 83 1364 id
103 1301 179 1366 enim
203 1301 320 1385 ipsum,
343 1301 499 1366 honorem
523 1301 641 1366 cinon
664 1300 819 1384 defuisse,
842 1299 1061 1383 superioribus
1085 1299 1182 1364 versi·

61 1407 108 1472 bus
128 1408 245 1472 dictum
270 1411 350 1490 erat,
372 1407 427 1491 qui
450 1429 515 1473 non
539 1409 634 1472 aliter
657 1412 754 1492 atque
778 1407 825 1472 sic
849 1405 1026 1492 accipiendi
1050 1411 1139 1472 sunt:

94 1512 226 1588 Quoiei
246 1513 330 1578 nita
354 1515 512 1599 defecit,
531 1552 547 1562 -
568 1517 643 1580 n6n
666 1513 804 1597 honos,
827 1511 972 1578 hondre

93 1620 124 1684 ls
144 1619 207 1686 hic
230 1621 348 1686 sitris:
371 1621 458 1707 quei
482 1627 675 1708 nunquam
696 1661 711 1668 -
729 1619 858 1686 nictus
882 1621 942 1684 ‹ist
964 1618 1131 1684 uirtdtei

59 1723 128 1809 (eam
156 1727 242 1792 enim
269 1749 454 1793 mensuram
482 1729 562 1794 olim
590 1727 820 1812 defendemus).
866 1727 967 1803 Quem
995 1726 1050 1811 qui
1073 1747 1185 1790 versus

59 1833 122 1897 item
144 1835 230 1899 lacer
252 1835 373 1920 excipit
397 1831 1071 1918 ANNOS·GNATVS·XX·lSlL....

58 1937 194 2022 DATVS,
224 1961 296 2005 cum
326 1941 527 2025 pravissimis
556 1941 788 2026 supplementis
816 1943 985 2006 tentarunt
1009 1939 1122 2004 Meuia
1143 1943 1187 2004 cat

58 2045 262 2112 monDA'l'VS
287 2048 338 2112 vel
361 2047 518 2112 Laudatus
540 2054 584 2114 est
606 2045 838 2113 monDATVS:
863 2046 979 2131 quibus
1003 2045 1098 2130 longe
1117 2045 1185 2109 leli·

58 2153 114 2216 cior
129 2151 311 2219 Ludovicns
335 2152 474 2219 Lanzius
498 2153 620 2219 Tmen
642 2159 685 2219 cst
712 2151 934 2219 manDATVS
958 2150 1186 2217 commendans

58 2257 213 2342 adipeam
244 2263 355 2326 tamen
378 2261 550 2326 veritatem
575 2283 641 2326 non
669 2261 856 2345 penetravit.
902 2257 985 2323 Nam
1014 2255 1084 2322 ElS
1108 2279 1186 2322 sane

57 2361 225 2430 litterarum
248 2368 446 2452 superiorem
469 2371 594 2452 partem
619 2367 652 2432 in
676 2366 784 2451 lapide
807 2365 959 2450 religiose
983 2365 1063 2430 meis
1086 2363 1187 2450 preci·

58 2467 104 2534 bus
135 2473 320 2538 examinato
357 2473 566 2559 superstitem
603 2495 672 2538 esse
710 2472 868 2538 Henricus
901 2471 1064 2538 Brunnius
1097 2492 1187 2534 meus

57 2574 184 2662 locuples
215 2581 310 2646 testis
339 2585 389 2645 est
416 2602 489 2645 cum
517 2578 684 2664 Henneno,
714 2579 768 2644 sed
792 2579 926 2644 duarum
950 2583 1078 2644 tantum
1101 2577 1187 2643 litte·

57 2705 150 2750 rarum
188 2687 363 2752 intervallo
401 2711 420 2752 a
460 2689 565 2773 prima
598 2689 708 2754 littera
740 2687 930 2752 distantem:
962 2685 1046 2750 hanc
1080 2689 1187 2750 autem

58 2788 145 2871 ipsam
168 2793 259 2858 nrsllo
284 2793 379 2858 modo
404 2795 454 2858 rel
477 2793 504 2858 T
527 2795 576 2858 rel
595 2793 748 2876 Eiuisse,
771 2792 797 2859 L
816 2791 966 2858 mutilam
989 2812 1085 2875 posse
1104 2813 1188 2855 esse:

58 2917 149 2980 aqna
170 2903 283 2966 tamen
305 2901 408 2966 ullum
426 2899 488 2966 huc
512 2903 705 2966 conveniens
724 2899 917 2965 vocabulum
936 2899 1076 2983 incipere
1096 2917 1190 2982 nego.

59 3000 119 3068 llna
140 3007 210 3072 sola
234 3021 273 3072 en
297 3008 448 3073 omnibns
477 3007 587 3074 littera
609 3012 712 3073 restat
736 3028 817 3092 quae
841 3007 971 3091 practer
994 3003 1020 3068 L
1043 3003 1076 3070 in
1100 3003 1189 3068 Pira-

59 3111 116 3174 ncsi
138 3113 321 3198 exemplum
350 3136 483 3198 prorsus
512 3115 661 3200 quadret,
688 3117 843 3199 quaeest
867 3112 910 3194 D,
937 3133 1003 3176 non
1027 3109 1131 3194 qualis
1155 3109 1189 3174 in

60 3211 228 3283 POSIDET
253 3223 386 3284 exarata
408 3225 472 3304 est,
500 3221 554 3286 sed
583 3222 686 3306 qualis
711 3221 745 3286 in
768 3217 958 3285 DEFEOIT
981 3222 1014 3281 et
1036 3215 1190 3282 DATVS.

60 3319 118 3392 Qua
143 3325 246 3410 ascita
275 3326 342 3390 suis
370 3331 407 3392 ut
434 3331 513 3412 puto
545 3329 686 3393 numeris
716 3327 901 3393 absolutum
930 3324 1190 3409 supplementum

61 3423 110 3491 hoc
130 3431 239 3514 prodit
262 3431 437 3500 DI'OElS-'r
461 3429 719 3500 mathDATVS:

143 3535 276 3604 Annos
300 3543 444 3624 gnatus
467 3539 692 3626 uiginti-is
715 3537 865 3606 Diteist
888 3538 1092 3604 mandatus

62 3660 177 3719 prorsus
204 3649 241 3709 nt
264 3643 373 3710 Nunc
401 3645 492 3710 data
519 3669 599 3712 sum
629 3647 713 3712 Diti
740 3648 895 3730 longum
923 3664 1103 3710 mansura
1126 3663 1192 3726 per

64 3765 155 3813 acum
178 3749 301 3814 dictum
325 3751 431 3817 estin
454 3751 601 3818 distichis
625 3753 846 3818 Beneventani
870 3751 989 3835 lapidis
1013 3772 1032 3814 a
1056 3749 1190 3813 Momm-

65 3873 127 3918 scno
159 3857 333 3939 publicatis
368 3855 402 3922 in
428 3855 518 3922 Diar.
545 3857 624 3924 lnst.
657 3881 685 3924 a.
722 3859 805 3924 1847
839 3880 870 3943 p.
898 3857 940 3922 24
974 3859 1007 3920 et
1034 3853 1191 3918 Gcrhardi

66 3953 138 4024 lliar.
159 3963 319 4028 archaeol.
343 3985 371 4028 a.
396 3965 480 4030 1846
504 3987 534 4049 p.
558 3967 624 4030 334
648 3965 686 4046 [I.
708 3965 749 4030 N.
772 3987 803 4028 n.
829 3964 939 4044 1623}

140 4069 190 4135 Ad
204 4069 238 4135 1..
258 4069 454 4136 Mummium
471 4077 507 4136 ut
520 4073 657 4155 redeam,
676 4073 736 4136 etsi
757 4069 994 4136 concedendum
1015 4072 1064 4134 est
1079 4091 1191 4151 parum

69 4169 167 4256 dignos
195 4175 281 4241 illius
306 4175 500 4242 liberalitate
524 4178 800 4262 dedicationisquc
828 4177 1072 4260 opportunitate
1096 4175 1191 4239 cersi·

70 4277 143 4342 culos
165 4303 250 4366 ease,
273 4287 383 4348 tamen
408 4285 560 4368 quoniam
583 4285 683 4350 simili
706 4285 837 4350 nomine
860 4283 945 4348 alius
968 4284 1063 4346 victor
1086 4281 1192 4346 nullus

71 4379 260 4472 inpromptu
284 4393 347 4472 est,
375 4391 421 4456 sic
449 4413 517 4456 esse
545 4391 750 4456 statuendum
775 4390 909 4473 videtur,
931 4394 968 4454 nt
991 4389 1031 4454 ad
1056 4387 1192 4472 praedae

72 4483 188 4558 bellicae
217 4495 386 4563 commode
418 4496 634 4562 divendendae
668 4496 900 4582 cogitationem
933 4495 1057 4578 copendi
1085 4493 1192 4558 dissol-
