3008 5118
343 369 408 431 216
660 386 708 432 on
733 385 929 433 morumve
954 386 1165 433 1111111111

343 525 441 590 ‘hem'
465 528 638 611 particula,
662 528 783 592 omissa
807 551 826 591 a
849 527 1000 593 Bembini
1029 528 1146 592 codicis
1170 547 1267 591 manu
1289 527 1391 609 prima,
1411 534 1444 590 ta·

343 632 407 697 lem
431 654 559 698 versum
584 634 705 697 ederet:

282 844 286 853 ,
343 772 502 858 Capiebat
521 777 643 840 statim.
667 774 818 859 hem‚u1'r
837 775 908 840 uiro
929 775 1004 859 quid
1023 773 1189 858 prae'slet?
1218 775 1327 840 Binan*
1341 775 1447 858 quaiso?

342 938 417 979 nam
441 917 539 981 etiam
559 940 634 982 casu
656 917 725 981 solo
745 940 764 981 a
782 918 929 1001 principe
947 917 1082 982 librario
1101 917 1328 999 praetermissa
1345 918 1449 982 secunde

341 1024 375 1087 in
408 1025 465 1088 illo
495 1025 579 1090 libro
612 1047 726 1088 manus
760 1025 884 1088 addidit
916 1023 1002 1087 haud
1035 1022 1114 1087 adeo
1146 1045 1259 1106 pauca
1307 1025 1450 1088 Atalibus
1492 1016 1497 1031 '

342 1130 443 1213 igitur
471 1131 641 1213 exemplis,
675 1131 769 1214 quale
797 1130 859 1194 hoc
889 1134 939 1195 est
962 1129 1193 1194 Terentianum
1218 1135 1251 1195 et
1274 1131 1349 1194 illud
1370 1132 1450 1193 Accia-
1491 1203 1496 1230 Ὗ

341 1258 432 1319 num,
461 1238 624 1319 profectos
653 1260 723 1301 esse
752 1237 902 1301 credibile
932 1241 981 1300 est
1009 1237 1078 1320 qui,
1110 1237 1165 1302 nbi
1193 1237 1324 1322 longam
1349 1237 1451 1301 baberet
1488 1262 1496 1347 i

341 1344 575 1426 paenultimam
604 1345 752 1427 statim,
780 1367 845 1408 non
869 1343 1053 1429 siguificare
1078 1342 1188 1425 ‘ilico’,
1219 1343 1277 1407 sed
1301 1343 1414 1408 ‘statute
1430 1360 1451 1404 et
1488 1350 1496 1430 ¹5

341 1449 500 1532 ordinate,
527 1455 683 1532 perpetuo
708 1456 740 1515 et
763 1451 950 1535 aequaliter,
979 1448 1234 1533 perseveranter’
1262 1446 1295 1513 et
1322 1451 1452 1513 observas·
1488 1474 1495 1527 5

341 1559 413 1619 sent
436 1562 468 1619 et
496 1557 656 1619 docerent.
703 1558 810 1641 Atque
839 1580 910 1621 eam
939 1556 1119 1621 doctrinam
1147 1578 1281 1639 prorsus
1309 1557 1453 1621 confirmat.
1488 1606 1495 1629 ,

342 1684 436 1745 quem
461 1664 546 1726 miro
570 1663 687 1727 iudicio
712 1664 857 1748 vulgaris
880 1663 1023 1729 notionis
1046 1666 1163 1727 testem
1183 1663 1321 1728 Vossius
1343 1663 1454 1746 protulit.
1488 1646 1493 1677 ²

341 1769 484 1833 Avienus
508 1771 542 1832 in
566 1769 770 1832 enarratione
794 1769 1045 1833 Phaenomenon
1070 1768 1264 1832 Arateorum
1290 1767 1404 1831 139111

475 1910 565 1974 Tunc
589 1911 713 1974 succisa
738 1909 835 1976 Ceres
859 1911 972 1974 statim
996 1933 1068 1975 cum
1092 1909 1228 1994 mergite
1253 1909 1350 1992 culmi

476 2013 696 2081 Construitur:

342 2158 398 2222 ubi
422 2157 603 2241 manipnlos
628 2159 768 2242 cogitari
792 2165 880 2224 certo
905 2157 1017 2224 ordine
1040 2158 1226 2222 conlocatos
1250 2168 1390 2242 apparet
1416 2151 1455 2217 Sa*

344 2265 474 2328 eosdem
499 2267 730 2348 grammaticos
758 2286 851 2349 nego,
879 2265 1072 2349 ubicumque
1100 2265 1317 2347 corriperetur
1344 2263 1457 2328 stetin„

342 2371 522 2434 necessario
552 2371 658 2436 valere
688 2370 785 2436 ‘ilico’
813 2371 999 2436 tradidisse:
1037 2373 1127 2436 cuius
1160 2371 1290 2456 quidem
1324 2389 1456 2434 mensurae

343 2479 405 2541 fuit
428 2483 565 2560 utraque
585 2479 783 2562 significatio
803 2479 989 2542 communis.
1022 2477 1225 2542 Firmissimo
1245 2476 1277 2541 id
1297 2493 1456 2561 argumcnu·

343 2582 593 2666 Amphitruonis
618 2583 673 2647 illo
699 2606 792 2647 versu
817 2584 1020 2668 intellegitur
1040 2584 1067 2667 l,
1088 2587 1115 2667 1,
1135 2584 1191 2648 84:

524 2719 572 2786 'In
595 2724 706 2809 fugam
731 2727 786 2790 sed
810 2731 919 2789 tamen
942 2727 1037 2789 nemo
1061 2725 1273 2808 conuertitur,
1487 2650 1494 2785 1

525 2830 594 2895 Nee
617 2832 738 2896 recedit
762 2833 833 2898 loco
858 2831 935 2917 quin
961 2833 1072 2896 statim
1096 2833 1165 2896 rem
1188 2837 1295 2916 gerat:
1488 2822 1494 2865 ¹

345 2961 398 3038 ubi
423 2973 558 3038 creticos
583 2995 734 3038 numeros
758 2974 874 3037 misere
899 2976 1084 3056 corrumpat
1106 2973 1161 3056 qui
1186 2975 1323 3038 statim
1351 2992 1457 3058 pronun·

344 3079 412 3143 tiet.
458 3080 572 3161 ltaque
597 3080 681 3163 apud
705 3081 847 3144 Nonium
872 3080 1111 3162 conglutinatas
1136 3101 1205 3143 esse
1224 3079 1304 3143 duas
1330 3077 1457 3162 antiquio

344 3207 414 3247 rum
436 3186 664 3269 magistrorum
685 3186 928 3249 observationes
949 3185 1111 3248 existimo:
1136 3186 1272 3250 alteram
1296 3187 1385 3268 hanc,
1405 3194 1457 3246 sta·
1490 3188 1498 3307 1

345 3290 414 3354 tim
439 3291 494 3353 ubi
517 3291 756 3374 produceretur,
779 3296 1023 3375 perseveranter
1047 3296 1079 3354 et
1097 3291 1275 3374 aequaliter
1294 3291 1457 3376 significare:
1493 3310 1498 3329 ¹

346 3398 481 3462 alteram
514 3397 685 3461 discretam
720 3421 738 3461 a
767 3398 936 3481 prosodiae
969 3396 1167 3480 definitione,
1203 3419 1269 3461 non
1299 3403 1415 3462 tantum
1435 3406 1456 3452 11²

346 3503 444 3587 vulgo
469 3501 576 3584 ‘ilico'‚
613 3503 666 3567 sed
696 3504 793 3566 etiam
825 3508 1068 3586 perseveranter
1100 3508 1133 3567 et
1162 3504 1342 3587 aequaliter
1369 3502 1456 3566 valen:
1499 3509 1500 3572 j

345 3611 511 3693 utriusque
535 3615 642 3674 autem
671 3609 909 3675 observationis
938 3611 1130 3675 documenta
1158 3611 1259 3674 mixta
1288 3606 1455 3674 incuriosius

347 3718 438 3793 Quod
462 3718 489 3781 si
512 3718 727 3801 probabiliter
751 3717 927 3800 disputavi,
958 3738 1158 3799 consequens
1186 3719 1296 3779 estut
1320 3714 1455 3779 111111111-
1497 3749 1499 3818 i

346 3848 421 3908 ceps
446 3826 489 3889 sit
511 3824 549 3888 de
573 3825 671 3888 Ennii
698 3848 735 3888 ex
760 3825 859 3888 Aiace
883 3824 989 3887 verbis
1017 3823 1183 3904 iudicium,
1210 3843 1288 3885 num
1312 3821 1374 3884 illis
1394 3830 1454 3881 recte

346 3932 475 3996 initium
500 3933 567 3996 sive
591 3932 707 3994 senarii
729 3952 840 3993 versus
861 3931 927 3992 sive
947 3928 1121 4012 septenarii
1142 3929 1211 3991 fiat:
1236 3925 1453 4002 ε(1111111111

346 4039 481 4103 Achiuis
505 4041 675 4122 gesserunt
699 4036 810 4102 statim
835 4035 885 4118 ..',
908 4058 989 4120 quae
1009 4035 1179 4099 ltibbeckii
1204 4029 1454 4104 11111111111111111

308 4169 332 4208 n
347 4169 376 4229 p.
399 4145 452 4229 15,
485 4168 525 4209 an
553 4145 676 4227 pariter
709 4150 805 4227 atque
833 4142 1019 4206 Plautinum
1052 4142 1144 4206 illum
1177 4140 1274 4205 etiam
1303 4136 1454 4202 Ennianum

346 4253 446 4316 talem

521 4411 527 4424 .
552 4409 558 4423 .
582 4359 636 4442 qui
661 4381 727 4422 rem
752 4381 822 4422 cum
848 4354 982 4420 Achiuis
1006 4359 1176 4440 gesserunt
1199 4353 1309 4417 statim

348 4483 522 4570 protulisse
550 4483 675 4547 Nonius
706 4483 864 4546 videatur:
895 4480 1020 4563 quando
1049 4501 1087 4542 ea
1115 4477 1297 4542 subtilitate
1323 4489 1451 4557 granuur·
1497 4489 1498 4566 3
