3040 5122
331 341 373 404 96
699 359 848 406 rrrrvuvs
873 358 1091 405 nvunmnvs.

330 500 412 564 rima
445 499 599 585 Scaligcri
633 502 813 566 emendatio
847 499 1084 566 AIMILIANA
1116 499 1312 582 reponentis:
1342 503 1399 578 aut,
1420 499 1439 560 si

331 607 413 672 forte
446 608 633 671 incredibile
664 630 729 672 non
758 609 801 672 sit
824 606 1072 671 FAMILIANA
1096 628 1112 670 c
1136 603 1372 668 MVMMIANA
1392 627 1442 666 cor-

330 722 462 798 ruptum
486 738 563 793 esse,
587 714 738 778 Herculis
763 715 907 780 Victoris
931 715 964 779 in
983 715 1054 778 foro
1070 714 1181 777 boario
1215 711 1368 776 conditam
1389 710 1443 774 eL

330 820 486 885 Mummio
511 822 621 886 aedem
650 823 861 907 intellegatur
884 821 1054 885 rotundam
1083 821 1189 884 fuisse.
1239 819 1323 883 Nam
1350 819 1444 881 certius

330 929 501 1012 quicquam
526 951 598 993 cum
623 929 732 1013 aliqua
756 928 951 992 confidentia
975 926 1102 991 definiri
1125 947 1219 1010 posse
1243 948 1333 1011 nego.

419 1033 555 1119 Signum
588 1040 695 1099 autem
728 1035 876 1099 Herculis
905 1058 924 1098 u
957 1034 1113 1098 Mummio
1146 1033 1327 1097 dedicatum
1357 1054 1389 1096 er
1412 1031 1446 1094 eis
1506 993 1509 1206 ἱ

331 1143 409 1205 artis
434 1144 584 1225 operibus
612 1142 712 1207 fuisse
740 1165 822 1227 quae
846 1141 1003 1207 Corintho
1027 1142 1081 1204 illc
1108 1142 1305 1222 abstulisset,
1327 1161 1372 1202 res
1393 1139 1447 1220 ipsa
1507 1214 1508 1231 χ

330 1249 482 1332 loquitur.
528 1249 651 1325 Quibus
680 1273 751 1314 eum
783 1272 849 1314 non
877 1250 989 1313 urbem
1017 1253 1144 1312 tantum
1173 1268 1307 1310 ornasse
1335 1244 1384 1310 sed
1404 1246 1447 1308 cir·

331 1356 542 1420 cumiucentia
566 1379 691 1440 quoque
716 1357 835 1441 oppida
855 1363 887 1420 ct
907 1355 1023 1420 Strabo
1046 1356 1141 1419 testis
1165 1358 1215 1417 est
1238 1351 1318 1417 VIII
1340 1375 1367 1435 p.
1385 1353 1448 1415 381:
1503 1384 1507 1393 ·

331 1465 445 1540 (χεδόν
471 1466 505 1528 δέ
540 1485 568 1527 τι
600 1466 650 1527 καὶ
679 1469 745 1528 τῶν
771 1464 880 1528 ἄλλων
909 1463 1121 1542 ἀναθημάτων
1150 1467 1215 1525 τῶν
1240 1463 1278 1525 ἐν
1304 1461 1399 1541 Ῥώμῃ
1421 1459 1449 1520 τὰ
1501 1526 1506 1539 Ι

331 1572 462 1633 πλεῑετα
481 1571 531 1632 καὶ
551 1569 659 1648 &pirro
679 1573 828 1637 ἐντεῦθεν
850 1571 997 1650 ἀφῖχθαι·
1020 1571 1090 1633 τινὰ
1114 1571 1149 1632 δὲ
1174 1569 1223 1632 καὶ
1248 1569 1280 1632 αἱ
1300 1569 1395 1648 κύκλῳ
1410 1571 1450 1641 τῇ(

330 1675 452 1754 Ῥώμη(
472 1677 581 1742 πόλει(
602 1678 704 1756 ἔεχον,
729 1683 761 1742 ct
784 1680 818 1742 in
842 1679 971 1744 Sabinis
995 1681 1126 1760 reperta
1149 1679 1357 1738 monumenta
1378 1693 1450 1756 quae·
1501 1708 1506 1723 ·

330 1782 404 1845 dam
437 1783 630 1848 documento
664 1791 746 1849 sunt.
798 1786 867 1862 Quo
903 1792 934 1849 et
967 1785 1140 1848 Reatinum
1172 1783 1371 1865 epigramma
1397 1799 1450 1861 per·
1500 1790 1512 1836 ¹,

330 1890 432 1953 tinere
458 1892 584 1955 videtur
612 1892 650 1954 dc
675 1915 737 1976 quo
762 1916 835 1957 mox
866 1893 1004 1970 dicetur,
1032 1898 1064 1956 et
1088 1892 1121 1955 in
1146 1889 1273 1953 duabus
1298 1892 1451 1951 statuarum
1500 1960 1505 1971 1

331 1995 463 2060 basibus
473 1997 505 2081 *)
530 1997 690 2063 'I‘rcbuluc
705 1998 891 2064 Mutuescae
911 1999 1037 2062 effossis
1057 1998 1175 2060 iterata
1194 1995 1276 2058 haec
1295 1991 1453 2074 inscriptio:
1500 2010 1513 2064 ·.¹

756 2106 799 2169 L·
815 2104 1040 2170 MVMMIVS·
1057 2103 1134 2169 COS
1501 2144 1505 2153 ·

835 2213 902 2275 vr
928 2211 952 2276 o
978 2213 1004 2275 o
1499 2204 1505 2287 ἰ

332 2316 415 2397 apud
436 2315 625 2383 Fabrcttum
646 2319 684 2402 V,
708 2322 772 2384 293
796 2345 825 2403 p.
851 2322 917 2385 400
941 2325 973 2384 ct
997 2319 1153 2384 Orellium
1177 2339 1208 2380 n.
1232 2317 1300 2380 574
1325 2313 1370 2396 [0.
1391 2311 1410 2374 Ι.
1429 2308 1452 2372 L.
1500 2352 1504 2369 ·

331 2421 391 2486 In.
410 2425 498 2503 543}
520 2425 592 2490 Huc
611 2428 734 2490 accedit
752 2427 786 2490 in
807 2449 885 2511 agro
906 2426 1046 2490 Nursino
1067 2430 1231 2508 repertum
1252 2422 1359 2486 simile
1377 2420 1454 2500 ‘frag-

332 2531 489 2594 mentum'
514 2533 599 2616 apud
622 2533 839 2598 Muratorium
863 2557 892 2616 p.
917 2535 991 2608 288,
1017 2535 1033 2594 1
1061 2529 1110 2612 [0.
1134 2531 1158 2594 I.
1183 2528 1217 2593 L.
1242 2529 1259 2592 Ι
1285 2552 1315 2593 n.
1339 2529 1422 2606 54-sp

755 2639 805 2702 L·
830 2626 1049 2704 MVIIIVS

756 2746 834 2812 OOS
858 2783 866 2796 ·
891 2746 982 2812 DEI)
1033 2745 1064 2809 N

329 2851 360 2915 h.
389 2874 414 2915 e.
443 2853 619 2936 iuterprete
648 2853 850 2919 Mommseno
882 2853 999 2918 DEDit
1026 2853 1191 2917 Nursinis:
1226 2851 1314 2933 quod
1342 2843 1455 2912 sanein

330 2979 460 3040 gravem
484 2959 608 3024 fraudis
633 2961 849 3044 suspicionem
874 2961 1013 3042 veniret,
1037 2961 1099 3023 nisi
1126 2958 1376 3043 superimposita
1396 2953 1456 3016 line·

331 3066 382 3126 ola
406 3069 517 3146 posset
547 3066 587 3128 ab
611 3067 799 3149 Hyacintho
824 3066 957 3130 Mennio
982 3066 1051 3129 Icto
1076 3065 1223 3129 Romano
1249 3066 1375 3130 adiecta
1397 3079 1457 3123 esse,

332 3193 351 3232 a
380 3192 442 3252 quo
471 3170 534 3232 sibi
563 3172 697 3236 missam
729 3174 973 3256 inscriptionem
1003 3171 1202 3236 Muratorius
1232 3171 1366 3256 accepit.
1411 3161 1458 3227 Sul

331 3297 397 3338 nou
417 3275 516 3339 solius
535 3279 643 3341 temen
663 3280 798 3343 viciniae
818 3280 935 3342 finibus
955 3279 990 3342 L.
1010 3277 1201 3341 Mummium
1221 3274 1457 3342 munificentiam

421 3486 444 3554 ²⁸⁸)
461 3490 549 3555 Super
577 3489 619 3542 his
644 3490 755 3543 basibus
775 3491 923 3544 Fabrcttus
949 3492 1016 3543 bina
1035 3490 1127 3558 inquit
1144 3492 1224 3558 siqua
1248 3487 1455 3544 elaboratissimo

331 3577 484 3630 inlustrior
498 3579 598 3632 stetisse
611 3580 757 3644 observari„
768 3582 822 3633 ium
838 3582 913 3632 humi
928 3582 1061 3644 ducenties
1081 3597 1149 3648 price
1163 3580 1224 3632 olim
1241 3595 1396 3646 praecorum
1409 3591 1458 3641 pur

332 3667 448 3719 similam
468 3668 576 3719 heroum
598 3668 729 3736 imupim's
740 3688 810 3737 prus
829 3687 855 3722 sc
872 3671 963 3721 tulisse
980 3675 1061 3736 pum,
1081 3675 1110 3721 ut
1127 3670 1284 3735 sculpturae
1304 3665 1426 3734 elcpuob'o
1442 3663 1458 3710 rt

327 3757 524 3822 paludamenta
545 3773 598 3808 eron
619 3757 743 3810 Iioirrono
760 3775 830 3810 orioro
844 3775 924 3824 super
944 3759 1067 3810 deutrum
1083 3758 1230 3820 humerum,
1249 3757 1298 3809 scd
1313 3751 1460 3809 Grocconio»

331 3861 411 3910 super
434 3846 575 3896 sinistram
604 3847 690 3910 sibula
721 3849 908 3913 conrprcbsnsu
933 3848 1125 3899 ‹Icurousbrint
1177 3845 1324 3912 Vtrumque
1351 3847 1458 3896 statuam.

331 3933 445 3983 lacerum
472 3935 608 3998 ‹pruinis-is.
632 3935 750 3987 brachiis
775 3941 798 3987 ct
822 3937 949 3988 cruribus
972 3936 1097 3988 abscissis
1116 3939 1139 3986 ct
1159 3935 1249 4001 capite
1267 3934 1409 4001 deperdito.
1428 3926 1458 3978 1¹¹·

331 4019 462 4085 Baptista
493 4021 660 4074 Micboclius
693 4027 811 4076 Sanciae
846 4023 981 4076 Victorius
1017 4023 1186 4075 'Irrbulunuc
1216 4021 1357 4088 Martyris
1383 4017 1458 4071 notu«

333 4111 449 4176 mihique
468 4110 549 4176 luipo
565 4112 687 4164 ornicitict
702 4115 941 4165 coniunctissimas
957 4113 1180 4164 Eminentissr'mo
1196 4111 1232 4164 Ι).
1248 4109 1392 4165 Curdinuii
1406 4107 1458 4158 cur-

328 4197 411 4262 pinco
434 4197 505 4248 dorio
530 4198 603 4248 ibuit
628 4198 793 4266 Ii'onuonpnc
817 4202 913 4252 (utrobi
938 4202 1058 4261 cruorit,
1082 4217 1198 4268 quarum
1223 4201 1309 4252 attera
1333 4199 1403 4251 crioilo
1426 4191 1458 4243 Ji·

332 4286 442 4336 Aicrrb'i
469 4285 517 4337 Pii
540 4285 585 4342 1³..
609 4287 694 4339 ultera
721 4289 754 4339 Ρ.
782 4291 909 4357 biplimii
935 4290 1028 4340 sei-cii·
1051 4305 1182 4356 personas
1208 4295 1312 4356 perurit.
1355 4276 1457 4348 Antip}

332 4373 457 4427 I'ubrctti
476 4374 560 4426 verbs
579 4377 622 4438 ut,
647 4375 697 4426 hae
722 4381 831 4430 statuae
851 4396 915 4430 num
935 4379 1005 4432 forto
1026 4377 1188 4447 superstites
1208 4379 1273 4442 sint,
1299 4380 1423 4444 quoerant
1441 4367 1458 4416 ⁵1

333 4461 419 4514 velint
435 4461 619 4528 archacolopi.
