3108 5142
367 347 469 396 nanis
494 347 646 396 nvaaraa
670 347 754 396 raas
778 347 980 397 swaasrns.
1204 335 1246 399 39

111 495 204 560 nitate
232 491 432 559 ornatissimi
460 491 618 558 beneficio
642 489 844 558 Mrcmms
867 490 984 558 Lorsz
1008 497 1176 579 acceptum
1200 517 1247 560 re

111 601 194 684 ferre,
217 621 327 666 museo
346 599 512 666 Parmensi
536 621 623 666 nuno
640 599 803 685 praefecti,
826 600 949 666 laudati
968 621 987 664 a
1005 621 1040 666 sc
1058 601 1124 668 iam
1142 601 1247 668 Musei

109 709 247 773 liberiani
280 708 357 774 nori
385 711 409 773 t.
435 705 483 772 VI
506 729 536 792 p.
563 707 640 775 100:
668 707 823 772 donatum
850 707 883 774 id
912 707 1040 794 quidem
1070 708 1132 774 sibi
1159 731 1246 776 auno

111 816 183 880 1841
209 821 242 882 et
269 814 451 881 liberaliter
477 815 670 900 permissum
698 815 732 878 in
760 814 888 882 futuras
912 815 1063 881 editionis
1086 817 1246 900 usnm,si

108 921 152 986 cui
175 921 440 988 Germanicarum
472 943 580 988 rerum
612 921 754 987 rationes
789 923 893 1008 magis
926 943 1023 1008 quam
1057 919 1245 988 Italicarum

108 1027 252 1094 lavarent
297 1025 395 1092 Haud
432 1047 529 1112 aegre
567 1051 587 1092 a
626 1027 793 1092 carissimo
826 1027 952 1114 collega
988 1027 1174 1114 impetravi,
1210 1034 1247 1096 ut
1307 1050 1315 1062 ’

107 1135 218 1198 memet
240 1153 314 1196 eum
338 1153 409 1196 esso
432 1132 590 1198 editorem
609 1136 785 1217 pateretur,
807 1131 863 1218 qui
886 1132 965 1200 mibi
984 1133 1109 1203 viderer
1127 1157 1270 1222 operase

105 1241 233 1324 pretium
257 1240 417 1323 facturus,
444 1241 472 1306 si
501 1241 582 1306 illud
615 1239 797 1324 exemplum
825 1245 946 1324 quanta
976 1241 1044 1307 lieri
1072 1243 1244 1330 diligentia

105 1351 206 1432 posset
229 1346 431 1432 lithograpbi
455 1351 524 1413 arte
547 1345 740 1412 imitandum
764 1367 918 1413 curarem.

183 1453 228 1518 Et
249 1453 288 1517 de
312 1452 523 1540 lithograpbo
546 1454 675 1540 quidem
699 1473 774 1518 vere
797 1453 983 1536 praedicare
1006 1458 1040 1519 et
1059 1477 1191 1540 possum
1211 1459 1244 1520 et

104 1560 205 1644 debeo,
228 1558 309 1624 nihil
332 1582 406 1626 eum
429 1559 545 1645 reliqui
568 1559 691 1640 iecisse.
724 1557 774 1623 De
797 1581 869 1624 mea
892 1563 1001 1625 autem
1025 1583 1123 1646 opera
1146 1583 1241 1646 quam

104 1667 238 1732 modeste
261 1667 377 1746 sentio,
396 1673 463 1732 tam
490 1667 681 1752 simpliciter
700 1665 815 1730 dicam.
834 1663 979 1732 Primum
998 1667 1098 1752 igitur
1115 1673 1242 1754 partem

104 1774 301 1858 superstitem
321 1775 405 1860 legis
423 1773 575 1858 Rubriae,
594 1796 690 1858 qnam
709 1795 726 1838 e
744 1773 894 1858 partibus
913 1775 1082 1840 minimum
1102 1775 1242 1862 quinque

103 1887 242 1966 quartam
266 1904 337 1947 esse
356 1881 427 1966 ipsa
445 1881 559 1947 tabula
577 1883 727 1964 testatur,
750 1880 992 1966 repraesentari
1011 1881 1136 1968 volgari
1155 1882 1241 1948 litte-

104 2010 202 2052 rarum
229 2009 347 2074 genere
375 2003 558 2072 expressam
591 1991 624 2053 et
654 1987 702 2052 ita
730 1987 971 2072 interpunctam
1001 1993 1038 2053 ut
1066 1991 1099 2054 et
1121 1989 1185 2074 legi
1209 1993 1241 2056 et

103 2095 236 2181 intellegi
264 2094 432 2160 commode
458 2097 583 2178 posset:
613 2093 758 2158 subiecta
782 2092 972 2158 brevissima
1000 2115 1112 2160 earum
1135 2116 1240 2160 ernen-

104 2199 259 2266 dationum
282 2201 461 2285 notatione,
484 2223 565 2286 quae
589 2203 646 2267 aut
669 2199 740 2264 aliis
765 2198 958 2264 deberentur
987 2203 1044 2266 aut
1067 2199 1147 2266 mihi
1171 2223 1240 2266 esse

103 2308 292 2374 necessariae
312 2309 401 2374 visae
425 2311 543 2374 esseut.
577 2307 665 2384 Quae
688 2329 769 2394 quos
793 2311 941 2372 auctores
964 2305 1132 2391 baberent,
1154 2307 1241 2374 inira

103 2415 202 2496 posita
230 2413 492 2481 Annonariam:
521 2415 666 2480 narravi:
690 2413 746 2478 ubi
774 2415 872 2478 etiam
901 2413 1058 2499 siglorum
1089 2413 1240 2500 explana·

103 2521 198 2586 bones
217 2521 362 2608 adposui,
384 2523 447 2587 nisi
471 2545 551 2608 quas
573 2526 639 2606 aut,
663 2527 700 2588 ut
723 2521 947 2588 difficultatem
971 2521 1095 2586 nullam
1118 2519 1239 2586 haben·

103 2629 155 2711 tes,
176 2625 303 2714 Hugoni
327 2629 391 2694 iam
415 2627 492 2694 Itali
516 2633 592 2694 ante
616 2628 791 2694 Marinium
815 2630 1008 2714 interpretes
1032 2626 1132 2694 Costa
1156 2626 1238 2713 Pog-

104 2733 167 2816 gius
195 2733 320 2800 Carlius
351 2736 549 2820 praeissent,
582 2741 638 2801 aut
669 2735 702 2800 hi
736 2757 775 2800 ea
806 2733 969 2818 imperitia
1002 2735 1239 2820 excogitassent

104 2839 184 2905 euius
206 2843 367 2927 specimen
391 2841 432 2908 ad
451 2841 466 2906 1
486 2843 525 2908 31
547 2843 630 2911 dedi.
657 2839 783 2906 Ibidem
802 2839 902 2906 Carlii
926 2837 991 2927 (G),
1016 2863 1109 2926 quem
1129 2843 1238 2906 tamen

104 2943 240 3032 Hugonis
256 2947 484 3034 Dirlrseniique
500 2948 561 3013 fide
576 2969 803 3032 commemoro,
822 2943 952 3010 Marinii
968 2943 1031 3034 (ll)
1046 2945 1166 3012 Laruae
1180 2943 1237 3034 (L)

105 3051 137 3115 de
158 3055 256 3139 ipsius
280 3056 364 3120 aeris
387 3055 543 3121 memoria
567 3053 754 3120 testimonia
772 3052 948 3137 composui,
971 3075 1034 3138 quo
1057 3053 1176 3119 certius
1199 3054 1238 3120 de

105 3157 227 3244 singulis
254 3161 409 3227 iudicium
437 3165 536 3226 esset:
565 3161 741 3246 separatim
769 3165 892 3246 tamem
919 3183 959 3226 ne
987 3161 1062 3246 quid
1090 3160 1141 3226 vel
1171 3166 1237 3227 tur·

104 3263 205 3332 barum
235 3269 285 3334 vel
315 3269 436 3338 fastidii
465 3267 687 3334 lectitantibus
711 3273 887 3354 crearetur,
916 3270 962 3334 eis
989 3268 1138 3334 omuibus
1163 3267 1236 3354 per·
1267 3349 1273 3359 ι

106 3371 219 3458 scriptis
247 3398 330 3460 quae
362 3376 403 3440 ad
432 3375 723 3461 interpunctionem
753 3374 909 3441 orationis
941 3375 1112 3459 pertinent.
1165 3375 1237 3452 Quo

105 3475 133 3540 ia
153 3501 262 3565 genere
292 3487 330 3546 ut
359 3481 494 3547 mirifica
522 3481 712 3547 testaMium
736 3481 953 3566 discrepantia
976 3485 1034 3566 est,
1057 3481 1103 3548 ita
1126 3481 1235 3568 paullo

106 3583 165 3664 plus
190 3610 283 3672 quam
316 3588 414 3672 vulgo
443 3589 583 3653 ereditur
611 3587 772 3654 utilitatis.
817 3586 918 3653 Velut
947 3609 1013 3654 non
1044 3591 1094 3653 est
1116 3593 1235 3653 amere

108 3687 220 3778 lactum,
243 3695 297 3760 sed
317 3718 355 3760 ex
374 3699 480 3760 certae
500 3694 687 3779 disciplinae
707 3695 890 3760 constantia
910 3693 1127 3778 repetendum,
1150 3693 1235 3778 quod

108 3795 275 3887 plerumque
300 3799 393 3885 (uam
415 3801 536 3887 aliquid
566 3823 643 3866 sane
671 3800 844 3886 sculptoris
868 3799 1096 3886 neglegentias
1120 3799 1235 3865 condo

107 3903 246 3994 nandum)
278 3909 537 3995 praepositiones
572 3931 645 3973 cum
679 3909 745 3974 suis
782 3908 967 3974 nominibus
1002 3909 1130 3971 coeunt:
1163 3906 1235 3972 abeo

109 4029 173 4090 apro
192 4015 319 4097 adquem
342 4035 416 4079 exea
439 4015 542 4080 ineeem
567 4017 667 4098 ingero,
685 4035 809 4098 amineo
833 4012 865 4078 ll
890 4015 943 4098 27,
965 4036 1027 4097 qao
1041 4014 1117 4098 dere,
1140 4035 1234 4096 queam

110 4114 201 4200 oben,
231 4121 301 4186 ineo
325 4121 432 4206 seca,
459 4123 526 4186 ineo
553 4123 683 4200 indicio,
714 4121 855 4203 cisalpeis
881 4123 1031 4186 nucleoreto
1060 4121 1234 4202 eoesoemulo

110 4224 264 4294 etiamen
295 4229 399 4294 inulto
432 4229 563 4312 inpolita
592 4229 761 4294 intoredcm
790 4229 886 4294 inito:
921 4229 1030 4315 qualia
1057 4250 1153 4311 saepe
1182 4229 1233 4292 vel
1366 4247 1369 4256 ’

112 4331 280 4418 corrigenda
309 4357 379 4400 esse
407 4335 557 4401 dixerunt
585 4337 636 4401 vel
666 4335 765 4400 tacite
788 4341 996 4402 correxerunt
1020 4335 1144 4400 seilicet
1168 4356 1232 4400 non

114 4429 194 4520 Hugo
214 4441 337 4506 tantum
361 4445 395 4508 et
417 4441 527 4526 hmo,
550 4443 605 4508 sed
629 4442 699 4527 ipse
723 4441 802 4508 adeo
826 4441 993 4508 Marinius.
1030 4441 1122 4526 Quid,
1145 4439 1231 4526 quod
