3040 5122
337 230 380 293 94
706 250 855 297 rrrvnvs
880 250 1099 296 nvnurauvs.

337 389 474 453 dedicat
451 391 550 453 tronis
583 392 690 474 legem
722 391 784 455 vici
817 392 980 456 Furfentis
1014 390 1083 477 (Or.
1116 391 1203 455 2488
1234 388 1283 470 [O.
1308 391 1333 454 Ι.
1354 389 1387 453 L.
1406 391 1420 454 I
1439 415 1462 455 n.

337 496 415 577 0033
453 495 486 560 P.
514 497 550 562 L
578 497 620 564 Μ
648 497 684 561 Ε,
717 499 782 562 tab.
814 493 997 584 LXXXIII)
1030 503 1131 581 quant
1134 498 1291 561 umvisa
1327 499 1462 561 sermonis

337 603 530 685 antiquitates
555 608 611 668 not
599 604 743 668 tabilem.
789 603 858 669 Nee
881 605 943 669 hue
967 628 1024 690 per
1025 605 1118 687 tinet,
1142 605 1227 689 quod
1246 604 1391 689 plebeiae
1408 627 1464 668 con·

338 710 516 773 suetudinis
541 733 579 775 ea
601 711 766 775 mutilatio
791 714 905 795 quavis
926 717 1033 777 aetate
1052 712 1126 776 fuit:
1150 712 1236 796 quod
1255 733 1359 797 genus
1376 713 1465 777 dedita

337 838 436 899 opera
459 818 537 880 olinr
560 819 782 882 tractabimus

425 923 473 987 De
502 925 610 988 verbis
640 930 673 989 et
700 925 818 990 litteris
851 927 932 990 satis
961 925 1117 1011 dixero*),
1145 927 1201 990 ubi
1229 948 1296 991 uno
1322 926 1413 990 verbo
1438 927 1465 990 de

337 1032 489 1115 tlguraL
520 1032 650 1097 litterae
679 1054 831 1097 monuero
861 1034 901 1096 ad
925 1034 1132 1117 antiquitatis
1156 1056 1250 1098 usum
1275 1056 1377 1118 prope
1399 1055 1466 1096 aere

338 1139 431 1201 dente
456 1160 493 1202 eo
518 1138 616 1222 quod,
640 1139 700 1202 etsi
723 1162 786 1204 non
811 1145 861 1202 est
885 1162 1016 1219 prorsus
1040 1145 1145 1224 acuta,
1168 1146 1280 1205 tamen
1304 1162 1345 1205 ne
1364 1145 1465 1205 rectum

338 1243 466 1326 quidem
490 1246 644 1328 angulum
669 1246 777 1328 habet,
801 1246 858 1310 sed
878 1247 1017 1310 mediam
1037 1248 1176 1330 speciem
1195 1248 1374 1331 quandam:
1395 1248 1464 1311 cuins

338 1351 474 1413 rationis
509 1351 618 1435 aliqua
656 1352 835 1417 similitudo
876 1354 975 1417 etiam
1009 1354 1049 1416 ad
1082 1353 1109 1416 Ε
1142 1354 1287 1418 litteram
1321 1354 1466 1439 pertinuit

338 1458 437 1542 quue
466 1458 528 1522 hoc
556 1460 799 1523 memorabilius
824 1464 886 1543 est,
915 1460 1012 1543 quod,
1045 1482 1118 1523 cum
1145 1461 1322 1543 pristinam
1351 1462 1465 1545 figuram

337 1567 441 1629 solam
471 1569 535 1629 tres
570 1563 756 1648 Scipionum
788 1566 874 1629 tituli
904 1566 1123 1649 antiquissimi
1152 1570 1291 1648 servent,
1317 1571 1466 1648 utrumque

337 1695 438 1757 genus
463 1673 528 1736 iam
553 1676 687 1755 quartus
712 1673 841 1736 miscuit
865 1674 898 1735 in
922 1674 994 1755 ipso
1019 1673 1221 1758 sarcophago
1245 1671 1438 1755 Barbati.**)

426 1953 617 2023 *Ismenos
643 1957 735 2008 tamen
760 1971 831 2023 quae
856 1953 969 2023 scripsit
986 1953 1157 2008 ItItschelius
1181 1955 1209 2008 P.
1231 1953 1321 2008 LIII
1342 1954 1371 2008 Ε.
1390 1953 1465 2006 Euan.

337 2062 363 2112 p.
384 2049 431 2096 45:
462 2043 505 2095 ‘In
529 2043 646 2112 singulis
675 2045 797 2112 (praeter
820 2060 854 2097 ea
878 2044 911 2097 de
935 2044 1036 2112 quibus
1061 2044 1127 2098 olim
1151 2042 1246 2095 dixi
1232 2043 1407 2112 explicatius)
1427 2058 1465 2094 non
1502 2088 1505 2104 ,

338 2132 421 2186 mirer
440 2130 464 2184 si
483 2131 545 2200 quis
561 2131 707 2186 DVIILLO
727 2132 820 2201 potius
836 2132 1040 2198 exspectaverit
1055 2148 1138 2199 quam
1153 2130 1280 2198 BELLO,
1296 2132 1465 2186 valdeautem
1502 2107 1506 2208 l

338 2222 399 2274 sino
382 2220 506 2287 gularem
526 2221 671 2275 breviandi
689 2222 802 2274 modum
822 2220 971 2274 offendat
963 2239 991 2272 ιιι
1012 2220 1142 2274 DVCle
1145 2219 1274 2274 t.CAPT
1297 2219 1466 2275 Praetereain

338 2302 508 2365 DVCTt
459 2313 508 2364 ant
510 2309 683 2378 iquissimum
704 2311 860 2379 exemplum
879 2310 966 2363 habes
987 2327 1071 2378 supra
1089 2327 1199 2363 versum
1224 2309 1380 2378 productae
1398 2309 1417 2362 T
1433 2308 1465 2360 lit·
1501 2304 1506 2361 l

337 2400 421 2464 teme,
442 2398 519 2452 cuius
538 2398 708 2452 mentionem
728 2397 810 2451 inieci
830 2398 917 2451 Musei
938 2398 1025 2450 Ithen.
1045 2401 1064 2452 t.
1085 2398 1149 2451 XIV
1167 2415 1194 2465 p.
1215 2403 1266 2450 486
1287 2416 1329 2465 sq.
1351 2398 1465 2470 <intras
1501 2389 1506 2459 ᾖ

337 2487 430 2559 XIV),
446 2487 503 2541 alia
518 2487 645 2554 exempla
660 2487 867 2555 repraesentavi
882 2487 939 2541 tab.
957 2486 1030 2540 LXX
1041 2487 1074 2540 (ι’.
1090 2485 1261 2539 LXXVIIIG
1276 2487 1314 2539 H.
1331 2485 1435 2541 LXXIX
1442 2484 1464 2535 a
1502 2485 1506 2516 ¹

339 2577 506 2631 LXXXVIII
523 2577 549 2628 Λ
564 2577 590 2629 Β
606 2576 641 2629 D.
662 2576 801 2629 LXXXIX
817 2576 846 2629 J,
866 2576 912 2629 XC
928 2577 960 2629 G.
983 2576 1055 2628 XCII
1076 2578 1110 2629 A.
1130 2575 1218 2629 XCIII
1238 2575 1286 2628 F?
1326 2574 1357 2632 C.
1377 2575 1426 2644 Vt]
1503 2581 1506 2623 ἱ

409 2668 451 2736 **)
478 2667 555 2737 [Alia
578 2667 768 2734 disputantem
792 2667 855 2720 vide
882 2667 944 2720 ltits
947 2666 1068 2720 chelium
1093 2666 1180 2719 Musei
1208 2665 1294 2719 lthen.
1320 2668 1343 2721 t
1369 2664 1441 2731 lXp.
1457 2649 1507 2730 li

338 2758 402 2812 adn.
420 2785 437 2816 a
457 2758 539 2826 (infra
558 2775 585 2809 u.
605 2756 679 2821 vlu·
699 2756 746 2808 adi
764 2759 909 2823 praetcrea
928 2757 1093 2810 cundemP.
1119 2756 1149 2808 L
1170 2754 1257 2811 rau.
1277 2755 1374 2811 Enarr
1392 2773 1416 2823 p.
1436 2757 1466 2815 45
1502 2701 1507 2783 ¹

338 2847 385 2900 ubi
404 2848 472 2902 haec
493 2851 569 2901 sunt:
545 2845 649 2900 t‘Ne
675 2845 718 2898 cui
742 2845 869 2898 fraudem
889 2846 909 2897 L
930 2845 1041 2899 litterae
1066 2846 1155 2913 figura
1173 2844 1272 2911 saciat,
1297 2845 1415 2913 speciem
1431 2836 1504 2894 ilu

339 2935 497 3004 obliquitat'
459 2954 513 2989 ars
477 2934 607 2989 thaud
628 2951 693 2987 saue
712 2933 843 3003 ambigue
858 2952 925 3002 prae
941 2952 968 2988 se
983 2934 1083 3001 ferens,
1102 2933 1301 2987 sciendumt
1259 2951 1287 2987 es
1289 2931 1465 3001 thicqnideu

339 3041 450 3091 prorsus
467 3022 595 3076 fallacem
611 3041 673 3077 eam
688 3023 808 3091 speeiem
825 3026 972 3091 propterea
987 3041 1046 3076 esse
1062 3023 1135 3091 quod
1152 3020 1322 3075 simillimam
1333 3018 1466 3092 lapidarius
1507 3015 1508 3018 ’

338 3111 423 3164 etiam
444 3111 465 3163 Ε
485 3111 609 3167 litteram
628 3113 709 3166 finxit
727 3112 960 3166 constantissime:
987 3131 1041 3166 uon
1061 3112 1118 3166 alia
1136 3112 1163 3166 id
1185 3110 1296 3180 quidem
1317 3125 1413 3163 caussa
1428 3105 1466 3158 nisi

338 3198 475 3252 arbitratu
495 3219 552 3267 suo,
572 3219 634 3254 cum
649 3199 708 3254 illic
731 3200 821 3253 simile
842 3205 926 3269 atque
945 3202 973 3254 in
994 3202 1015 3254 L
1035 3202 1184 3254 discrimen
1206 3198 1360 3267 antiquitas
1379 3195 1466 3251 nullum

339 3289 455 3342 noverit.
494 3289 617 3343 Eandem
646 3294 740 3343 autem
764 3282 1008 3343 ratiocinationem
1033 3289 1234 3343 recordandum
1259 3289 1312 3342 erit
1330 3290 1359 3343 in
1378 3284 1466 3356 lapides

339 3377 473 3445 quosdam
497 3377 566 3430 alios
590 3378 702 3445 cadere,
731 3378 809 3432 velut
831 3378 859 3429 in
883 3379 939 3432 tab.
959 3379 1019 3431 LIII
1039 3379 1080 3444 B,
1103 3379 1171 3432 item
1189 3378 1247 3432 tab.
1267 3378 1393 3444 LXXXI,
1414 3375 1465 3427 ian

339 3466 395 3520 tab.
420 3466 558 3519 LXXXIX
574 3469 607 3523 rt.
647 3467 819 3536 Quamquam
850 3467 934 3520 etiam
964 3468 1068 3521 omissa
1093 3467 1114 3518 E
1144 3467 1254 3521 IItterae
1278 3464 1465 3536 comparatione

338 3554 446 3624 aliquid
470 3556 499 3609 in
523 3556 576 3609 hoc
599 3573 699 3624 genere
724 3557 776 3610 soli
801 3556 876 3608 casui
903 3556 1081 3610 tribuendum
1106 3573 1164 3608 esse
1187 3556 1257 3609 tales
1281 3555 1358 3609 tituli
1377 3558 1465 3622 (quun-

338 3663 422 3715 quam
438 3663 553 3698 numero
568 3646 660 3713 pauci)
672 3646 837 3699 documento
854 3647 917 3698 sunt
932 3646 1029 3713 quales
1044 3645 1130 3698 habes
1144 3646 1201 3698 tab.
1217 3644 1305 3698 LXIX
1316 3645 1350 3700 B.
1365 3640 1429 3696 LXX
1441 3641 1466 3691 ,Μ

337 3735 437 3788 LXXII
453 3736 487 3787 A.
510 3734 623 3787 LXXVI
635 3735 669 3789 B.
690 3734 816 3787 LXXXV
826 3734 863 3787 I).
884 3734 1010 3787 XCIIIA.
1032 3733 1112 3799 Quid,
1124 3734 1197 3803 quod
1217 3734 1245 3786 in
1257 3733 1323 3803 pagi
1334 3732 1400 3787 scito
1412 3730 1466 3783 Iler·

338 3824 454 3877 culaneo
475 3823 530 3876 tab.
551 3822 625 3875 LXV
641 3824 787 3876 dumtaxat
805 3822 847 3875 bis
868 3842 892 3875 v.
913 3830 928 3876 9
944 3828 972 3877 et
988 3830 1020 3876 10
1036 3827 1093 3875 tam
1109 3826 1214 3876 certam
1229 3823 1375 3877 vetustatis
1387 3824 1465 3875 notam

339 3912 426 3966 oculis
442 3912 557 3965 intueris
572 3915 604 3966 ut
622 3912 657 3965 de
678 3913 758 3982 lapsu
778 3912 879 3981 scalpri
894 3929 1006 3981 prorsus
1021 3929 1142 3980 nequeas
1157 3930 1212 3966 nou
1227 3913 1358 3981 cogitare.
1382 3914 1413 3964 ar
1410 3921 1465 3960 rcss

339 4001 483 4054 tabulas
476 4020 504 4053 ιιι
529 4001 581 4054 hac
605 4019 703 4055 caussa
722 4019 818 4055 omncs
838 4002 932 4067 mitto,
978 4001 1040 4054 tin
1060 4001 1160 4068 quibus
1180 3999 1328 4069 singularis
1347 3991 1464 4053 incidenti

338 4090 488 4143 difficultas
511 4107 637 4144 normam
662 4092 735 4145 usita
706 4094 794 4145 tatum
819 4090 976 4144 litterarum
1000 4091 1183 4159 plurimarum
1208 4089 1334 4159 plurimis
1352 4080 1465 4151 exempli

338 4180 480 4233 destituat.
508 4180 610 4233 Verum
626 4198 640 4233 e
655 4180 774 4249 lapideis
789 4180 976 4233 monumentis
992 4197 1045 4234 uon
1061 4180 1131 4234 mihi
1146 4185 1270 4248 tempero
1285 4179 1350 4248 qniu
1363 4173 1464 4230 maxime

338 4268 519 4323 memorabile
539 4268 585 4321 hic
604 4270 752 4338 adponam,
772 4270 846 4337 quod
866 4274 908 4322 est
923 4270 1057 4322 fastorum
1072 4267 1285 4337 triumphalium
1299 4268 1463 4336 fragmentum

338 4360 374 4414 ad
393 4376 480 4413 annos
500 4364 558 4411 727.
581 4366 630 4412 732
655 4361 809 4427 pertinens,
839 4358 944 4412 editum
965 4377 981 4412 u
1002 4357 1119 4411 Marinio
1141 4357 1170 4411 in
1189 4358 1266 4412 Actis
1292 4357 1366 4411 fratr.
1385 4347 1460 4408 Aml-
