3020 5118
326 378 387 440 184
465 391 614 438 crrvnvs
640 389 831 436 ocuuuunu
859 389 1063 458 uosrunrsa
1086 385 1316 434 nvanmnnaa.

323 560 406 600 anno
427 553 606 602 clolanxvr
627 526 774 596 Venetiis
795 532 927 614 prodiit,
951 531 1031 594 haec
1045 530 1145 594 verba
1158 529 1322 614 praemisit
1338 552 1365 612 p.
1379 531 1441 592 142:

323 644 425 707 ‘Infra
444 641 650 725 Capitolium,
675 640 713 704 ad
730 637 849 702 Arcum
866 637 1028 720 Septimii,
1050 635 1273 701 vetustissima
1291 635 1444 718 inscriptio,

323 772 423 833 nuper
449 749 579 829 effossa,
607 769 691 810 anno
717 763 840 809 nranv
869 766 979 808 mense
1004 742 1139 807 Sextili!
1186 743 1244 826 Vt,
1268 742 1347 806 unde
1368 765 1444 805 suum

323 857 402 921 illud
427 854 612 918 Sachsius
636 853 770 934 habeat,
799 852 852 934 qui
883 851 917 913 in
941 849 1027 914 llist.
1051 855 1083 914 et
1106 850 1206 914 deser.
1234 849 1321 912 urbis
1344 847 1445 912 Romae

322 967 343 1026 t.
368 962 382 1025 I
408 986 437 1045 p.
462 962 526 1024 419
552 961 657 1024 basim
681 960 848 1024 columnae
878 961 1037 1022 rostratae
1066 980 1149 1021 anno
1174 961 1445 1023 (²101011xauctorc

323 1069 485 1133 cardinale
514 1068 668 1131 Farnesio
703 1069 853 1130 ell'ossam
887 1088 956 1128 esse
986 1065 1110 1145 scribit,
1148 1087 1280 1148 prorsus
1314 1065 1446 1149 ignorem.

325 1175 424 1250 Quem
448 1198 562 1257 parurn
587 1175 727 1258 peritum
751 1175 867 1236 harum
894 1195 1001 1236 rerum
1030 1173 1286 1237 existimatorem
1310 1172 1399 1234 etiam
1423 1173 1446 1234 in
1492 1197 1500 1257 ,-

324 1282 385 1345 hoc
414 1282 633 1364 deprehendo,
665 1282 748 1364 quod
782 1280 890 1343 dedita
923 1302 1022 1362 opera
1054 1301 1206 1363 quaerere
1239 1279 1359 1362 potuit,
1386 1301 1447 1340 nun
1491 1330 1498 1395 Ι

324 1389 422 1470 forte,
451 1411 532 1472 quac
561 1388 655 1451 hodie
684 1388 716 1451 in
746 1387 880 1472 ‘palatio
906 1385 1181 1450 conservatorum’
1211 1383 1390 1470 Capitolino
1410 1408 1446 1448 co
1491 1418 1498 1475 p

325 1497 433 1559 lamna
457 1496 572 1559 rostris
597 1499 753 1559 exornata
777 1495 981 1578 conspicitur,
1010 1495 1100 1558 cuius
1131 1495 1234 1578 ipsius
1263 1495 1333 1557 basi
1356 1492 1447 1556 titulus
1491 1524 1497 1561 ι

324 1603 516 1667 Duellianus
545 1602 600 1665 ille
630 1603 771 1665 insertus
802 1606 864 1683 est,
896 1624 960 1665 non
990 1605 1076 1665 esset
1104 1623 1143 1664 ex
1171 1601 1366 1685 antiquitate
1393 1620 1448 1684 pro·
1489 1612 1497 1669 ι

325 1709 406 1772 dita:
431 1731 526 1792 quam
548 1709 667 1772 sacculi
688 1708 764 1771 XVI
786 1708 923 1772 artificio
949 1707 1056 1770 deberi
1081 1708 1230 1790 breviter,
1253 1711 1291 1770 ut·
1312 1711 1379 1771 erat
1395 1728 1449 1769 con-

325 1820 526 1897 sentancum,
546 1813 735 1877 Ernestus
756 1813 960 1877 Platuerus
981 1814 1150 1877 admonuit
1164 1811 1274 1876 Descr.
1285 1812 1362 1876 Vrb.
1375 1817 1394 1874 t.
1407 1810 1451 1882 Ill,

329 1926 344 1985 1
367 1947 395 2006 p.
421 1925 489 1986 108.
525 1920 752 2003 Nisiquidem
776 1921 894 2004 paullo
911 1921 1007 1983 etiam
1032 1921 1151 1984 rectius
1171 1920 1208 1984 de
1229 1919 1356 1984 saeculo
1376 1917 1449 1982 XVII

327 2029 486 2112 cogitabis
511 2032 645 2110 propter
669 2051 739 2090 cam
765 2050 846 2111 quoe
870 2027 955 2090 infra
980 2029 1133 2091 afferetur
1156 2028 1432 2092 ratiocinationem.

415 2136 508 2199 circa
531 2135 637 2216 ipsum
662 2140 770 2198 autem
794 2136 912 2218 roperti
937 2134 1053 2217 lapidis
1074 2139 1199 2218 ternpus
1221 2136 1318 2198 etiam
1339 2134 1398 2198 alia
1418 2133 1450 2194 in·
1489 2144 1496 2229 j

327 2243 513 2325 scriptionis
538 2243 681 2324 exempla
706 2245 821 2324 parata
850 2265 918 2304 esse
947 2242 1065 2324 partim
1096 2245 1294 2324 compertum
1324 2245 1372 2304 cst
1398 2262 1451 2323 par·
1489 2236 1495 2273 ²

327 2353 386 2414 tim
411 2349 589 2432 probabile.
623 2349 666 2412 Et.
686 2372 782 2411 unum
804 2349 932 2432 quidem
956 2348 996 2412 ad
1019 2349 1273 2411 STaPflsnvnr
1294 2347 1450 2412 Pleuit!

327 2456 474 2538 pervenit
497 2457 542 2518 sic
567 2478 604 2518 ea
629 2455 666 2517 de
691 2478 724 2518 rc
748 2462 935 2519 narrantum
956 2457 1128 2520 Annalium
1152 2455 1244 2519 Rom.
1268 2458 1291 2519 t.
1311 2455 1342 2518 II
1366 2478 1393 2538 p.
1410 2454 1451 2518 24:
1489 2420 1495 2473 Ι

329 2562 495 2645 ‘Reliquos
519 2584 603 2624 nunc
634 2561 667 2624 in
695 2584 732 2624 eo
761 2561 977 2645 characteres,
1001 2563 1048 2625 uti
1078 2566 1203 2643 extant,
1226 2561 1451 2645 diligentissime
1490 2548 1496 2623 i

300 2668 506 2751 4descriptos
531 2692 619 2734 more
649 2691 706 2732 suo
731 2669 848 2752 Roma,
877 2693 951 2733 mox
980 2674 1015 2733 ut
1040 2669 1203 2733 inventum
1228 2689 1368 2733 marmor
1389 2664 1451 2730 crat'

328 2776 427 2860 (quod
455 2776 587 2840 Parium
617 2799 700 2857 esse,
734 2775 896 2839 ‘truncum
926 2775 1005 2838 illud
1034 2780 1131 2859 atque
1160 2774 1345 2840 contusum’
1376 2773 1452 2837 modo

327 2885 475 2965 dixerat),
500 2883 725 2947 ‘amicissimus
749 2905 838 2945 meus
863 2881 892 2944 N
900 2883 1051 2946 icolaus
1080 2880 1303 2946 Florentius
1331 2882 1452 2946 Balaru-

328 2991 513 3053 Bruxellam
537 2991 576 3052 ad
601 3011 651 3052 me
672 2991 774 3053 misit:
798 2989 1063 3072 quemadmodum
1085 2990 1212 3053 solebat
1231 2995 1302 3054 tum
1320 3009 1452 3074 perquam
1498 3039 1499 3042 .

329 3101 476 3160 accurate
497 3097 590 3159 nobis
612 3097 847 3159 communicare
867 3118 977 3159 recens
997 3097 1129 3160 inventa
1148 3097 1279 3180 quaevis
1302 3120 1363 3162 non
1382 3097 1452 3181 prius

329 3225 348 3265 a
372 3225 422 3264 rue
445 3203 528 3281 visa,
554 3202 579 3263 si
604 3203 644 3265 ad
668 3204 851 3266 communia
875 3207 986 3266 nostra
1010 3203 1117 3267 studia
1141 3206 1301 3287 pertinere
1326 3203 1452 3267 rideban-

329 3307 402 3371 tur.’
436 3307 545 3389 Ipsaru
571 3313 679 3372 erotem
704 3309 885 3373 columnam
905 3309 965 3391 (sic
989 3310 1074 3372 enim
1094 3307 1252 3394 loquitur)
1278 3332 1348 3374 cum
1367 3309 1451 3392 ‘pau

330 3415 382 3476 cis
407 3414 548 3477 abhinc
573 3416 684 3478 annis
709 3399 831 3478 Itomae
857 3438 925 3478 esse
951 3420 1073 3479 crutam
1098 3439 1114 3478 e
1139 3415 1308 3481 ruderibus
1331 3416 1388 3481 fori
1404 3415 1451 3477 llo

330 3521 426 3603 urani,
449 3522 533 3585 iuter
548 3519 783 3604 Septimianum
808 3544 915 3585 orcum
941 3527 973 3584 et
988 3520 1142 3606 Capitolii
1166 3522 1318 3587 radicem'
1341 3520 1452 3604 Pighius

329 3627 427 3710 (licat,
453 3627 561 3710 aliqua
587 3629 652 3690 lieri
680 3629 863 3692 coniectura
887 3632 994 3711 potest
1017 3652 1080 3712 quo
1105 3629 1170 3693 sere
1189 3635 1334 3712 tempore
1352 3625 1451 3693 chartis

330 3735 407 3798 hacc
438 3736 690 3816 consignaverit:
724 3736 850 3817 quaudo
880 3735 1041 3816 publicam
1072 3736 1176 3798 lucem
1206 3736 1344 3818 primum
1368 3735 1452 3798 Anna·
1503 3809 1504 3816 ἵ

329 3841 407 3904 lium
442 3841 592 3904 volumen
626 3853 712 3925 (Reum
742 3843 941 3923 praelatione
970 3840 1279 3926 annicmloxcvn)
1312 3867 1389 3907 anno
1413 3839 1450 3901 dr

331 3971 414 4010 muru
451 3967 625 4014 ‹uoruxcrx
661 3948 757 4029 vidit,
795 3949 931 4012 alterum
971 3953 1045 4032 post
1083 3953 1219 4013 mortem
1255 3951 1335 4013 adeo
1366 3945 1450 4030 Pighii

331 4077 357 4116 a.
377 4071 534 4118 (¹101.)ch
564 4055 692 4136 prodiit.
744 4053 805 4116 h'ed
834 4055 950 4136 quibus
982 4056 1215 4138 supplementis
1249 4057 1352 4120 mutili
1383 4050 1449 4116 tituli

331 4159 511 4241 exemplum
549 4183 567 4221 a
600 4159 764 4223 Florentio
803 4165 968 4243 acceptum
1003 4163 1220 4246 redintegrare
1255 4169 1381 4228 conatus
1404 4165 1450 4221 est·

331 4290 368 4328 ca
393 4266 537 4348 profecto
561 4267 634 4329 sciri
661 4268 771 4350 nequit
795 4289 856 4348 quo
881 4272 1025 4350 tempore
1057 4270 1101 4332 sic
1126 4271 1172 4333 uti
1196 4292 1280 4334 nunc
1304 4293 1332 4354 p.
1354 4269 1390 4332 26
1409 4287 1449 4326 cr·

331 4395 443 4454 pressa
476 4373 628 4452 leguntur
667 4374 904 4456 perscripserit:
938 4379 985 4455 ut,
1025 4381 1131 4440 utrum
1166 4400 1224 4440 suo
1258 4377 1312 4441 illa
1342 4370 1447 4457 ingenio

331 4478 439 4542 omnia
465 4479 580 4542 debeat
604 4503 643 4543 an
668 4503 779 4544 corum
804 4505 896 4546 curas
917 4483 1062 4545 suumin
1084 4507 1174 4548 usum
1195 4482 1386 4562 converterit,
1405 4475 1447 4558 qul
