3008 5118
859 1227 909 1308 X.

1497 1329 1501 1388 l

329 1383 1412 1486 Defidssssuslnmnnnladmnmnandmummmt

564 1562 711 1630 (accedunt
730 1561 801 1616 duae
820 1562 934 1616 tabulae
953 1562 1218 1633 lithographae**)).

766 1901 947 1997 clevi
983 1904 1007 1968 r

1499 1651 1501 1728 l

1499 1751 1500 1766 l

1495 1793 1501 1898 l

288 2065 301 2102 ³
405 2046 564 2110 Saturni
593 2067 710 2110 nomen
735 2049 863 2110 constat
884 2049 1009 2111 veteres
1032 2047 1152 2130 partim
1181 2071 1201 2110 a
1225 2049 1309 2111 satu
1338 2045 1435 2131 partim
1496 2111 1497 2116 ,

315 2179 335 2220 a
358 2152 572 2218 saturando
602 2127 745 2215 duxisse:
775 2173 832 2215 nec
862 2151 948 2215 enim
971 2153 1089 2236 dignae
1116 2153 1263 2237 profecto
1285 2154 1318 2218 in
1341 2151 1436 2237 quibus

314 2262 449 2326 haereas
473 2259 730 2344 nugivendorum
755 2260 953 2341 quorundam
973 2259 1243 2325 hallucinationes
1267 2260 1351 2325 velut
1366 2259 1437 2336 nupt

314 2362 372 2448 riri
396 2369 494 2446 (άθην
522 2366 605 2450 apud
634 2364 836 2430 llacrobium
864 2364 930 2430 Sat.
953 2365 982 2450 Ι,
1001 2367 1036 2450 8,
1054 2368 1087 2450 9,
1119 2367 1169 2430 vel
1203 2367 1307 2451 ‘quasi
1334 2387 1436 2431 sacmm

315 2475 405 2542 voev'
430 2478 486 2538 aut
509 2472 663 2537 ‘satorem
688 2469 778 2536 νοῡν’
808 2472 891 2555 apud
920 2470 1128 2558 Fulgentium
1151 2471 1257 2557 Myth.
1280 2472 1305 2557 Ι,
1323 2475 1353 2554 2,
1371 2493 1437 2555 quae

314 2580 476 2647 Platonici
499 2581 533 2644 in
557 2577 688 2660 Cratylo
711 2601 741 2661 p.
765 2578 836 2642 l9b
859 2579 897 2642 de
921 2578 1006 2661 κόρῳ
1031 2577 1077 2664 (h.
1092 2601 1117 2644 e.
1137 2585 1277 2664 καθαρῷ,
1300 2575 1437 2657 ἀκηρὰτῴὶ

313 2694 371 2755 τοῦ
395 2692 454 2753 voi)
479 2686 597 2751 somnii
626 2684 927 2750 commonefaciunt.
973 2685 1020 2749 Ac
1049 2685 1167 2769 prioris
1196 2679 1325 2769 quidem
1347 2687 1437 2748 auctu

314 2795 491 2862 notationis
514 2791 557 2856 M.
572 2792 676 2857 Varro
699 2814 765 2856 nou
790 2792 970 2857 subsistens
994 2794 1027 2857 in
1051 2794 1190 2878 simplici
1215 2815 1363 2878 agrorum
1379 2813 1435 2856 ccu-
1490 2802 1493 2815 ·

315 2903 521 2969 serendorum
547 2900 782 2964 consitorumve
805 2899 938 2964 notione
961 2900 1060 2964 latius
1083 2905 1194 2985 patere
1214 2922 1334 2966 nomen
1354 2896 1436 2962 voluit

315 3016 347 3074 et
375 3009 414 3074 ad
443 3006 624 3072 seminandi
652 3007 891 3090 generandique
922 3006 988 3070 vim
1017 3011 1162 3091 spectare
1193 3005 1303 3102 telluri
1328 3025 1438 3090 operan-
1491 3083 1492 3088 ἵ

404 3254 429 3320 *)
451 3254 645 3323 [Programma
664 3253 854 3307 academicum
873 3254 1019 3308 Bonnense
1042 3252 1197 3308 anni1853
1221 3253 1261 3308 sic
1284 3251 1436 3322 inscriptum:

316 3341 469 3397 'Natalicia
483 3340 682 3411 Angustissimi
699 3342 784 3411 Regis
798 3341 932 3396 Friderici
948 3341 1079 3397 Guilelmi
1094 3343 1146 3395 llll
1165 3342 1210 3398 die
1225 3343 1276 3399 XV
1286 3363 1322 3398 m.
1332 3337 1436 3398 Ocnum

313 3450 338 3486 a.
359 3430 582 3485 CIOIOCCCLIII
602 3430 823 3484 concelebranda
842 3431 942 3485 indicit
960 3431 989 3486 F.
1010 3431 1041 3484 R.
1077 3431 1236 3484 Praemisso
1255 3435 1299 3486 est
1317 3432 1348 3486 de
1365 3427 1435 3482 fictili-

315 3522 366 3574 bus
384 3519 518 3574 litteratis
532 3519 692 3574 Latinorum
712 3519 913 3588 antiquissimis
932 3519 1105 3590 disputatio)
1136 3520 1313 3590 Bibliopolas
1326 3517 1435 3575 traditum

314 3608 419 3680 prodiit
437 3608 615 3679 inscriptione
639 3610 679 3664 sic
699 3612 821 3663 mutata:
851 3610 904 3663 ‘De
924 3609 1056 3663 fictilibus
1079 3608 1212 3663 litteratis
1232 3609 1386 3664 Latinorum
1401 3622 1435 3656 ³¹²·

314 3698 478 3768 tiquissimis
496 3699 671 3768 quaestiones
691 3697 891 3767 grammaticae
906 3699 935 3751 F.
951 3697 1106 3752 ltitschelii.
1130 3697 1247 3752 Accedit
1260 3699 1356 3753 tabule
1367 3691 1434 3763 lapidi
1491 3733 1492 3756 ,

313 3789 409 3842 ineisa.
442 3787 565 3842 Berolini
584 3787 659 3855 apud
679 3787 710 3840 Τ,
726 3786 885 3841 Trautwein
906 3787 936 3854 (Ι.
952 3785 1138 3856 Gottentag).’
1166 3786 1238 3841 Vide
1256 3805 1329 3841 nunc
1347 3785 1373 3840 C.
1387 3783 1401 3836 l.
1414 3781 1433 3832 l·

315 3878 371 3930 ln.
387 3883 506 3941 ‹cs-533
524 3876 554 3930 P.
573 3875 603 3927 L.
623 3875 659 3928 M.
680 3874 711 3928 Ε.
731 3876 787 3930 tab.
804 3877 828 3928 X
848 3879 876 3930 et
895 3875 990 3930 Euarr.
1010 3895 1037 3946 p.
1054 3883 1086 3930 14
1102 3895 1141 3945 sq.
1162 3877 1191 3930 et
1211 3882 1270 3931 101.
1308 3869 1397 3940 C.W.]

385 3964 425 4033 **)
447 3965 568 4035 [Tabula
586 3966 623 4018 IX
653 3965 748 4018 eadem
776 3967 818 4016 est
843 3970 927 4033 atquc
950 3982 1021 4034 quae
1047 3965 1112 4020 huic
1137 3963 1362 4020 commentationi
1384 3958 1432 4010 olim

314 4054 422 4107 adnexa
441 4053 507 4118 fuit;
534 4071 567 4106 ea
581 4054 684 4108 iterum
703 4053 779 4106 edita
799 4058 840 4108 est
860 4055 889 4108 P.
905 4054 934 4108 L.
946 4055 982 4108 M.
993 4055 1023 4109 E.
1045 4055 1102 4109 tab.
1114 4055 1147 4120 X,
1166 4056 1356 4124 praeterquam
1370 4042 1430 4116 quod.

315 4159 386 4210 quae
400 4142 428 4196 in
448 4159 480 4195 ea
500 4141 633 4196 litteral}
653 4142 810 4210 significata
829 4145 890 4198 erat
909 4142 1059 4198 delineatio
1086 4143 1153 4196 satis
1172 4143 1277 4212 raptim
1296 4136 1430 4206 consigna·

317 4229 435 4284 ‘Belolai
459 4231 611 4298 pocolom'‚
634 4231 673 4284 ibi
697 4248 776 4285 erasa
800 4234 855 4298 est,
881 4230 909 4284 in
934 4233 1012 4286 cuius
1031 4233 1124 4287 locum
1143 4232 1300 4287 accuratior
1316 4219 1427 4294 imflgvlfl

315 4317 413 4372 tabula
431 4318 467 4370 Xl
488 4319 638 4372 substituta
657 4323 706 4374 est.
745 4319 850 4373 Idcirco
870 4320 941 4373 hanc
961 4338 1070 4388 quoque
1090 4321 1214 4375 tabulam
1235 4319 1295 4390 (XI)
1315 4315 1428 4374 iun⁰¹l1³

315 4405 479 4460 collectione
499 4407 563 4460 ull
584 4407 722 4476 signatam
743 4408 851 4476 addidi3
880 4408 945 4464 vide
967 4408 1040 4462 infra
1062 4407 1091 4462 iu
1116 4410 1169 4464 fiae
1187 4408 1268 4464 buius
1289 4403 1425 4464 commem·

315 4495 399 4551 tionis
419 4493 537 4551 adiecta.
574 4496 603 4550 C.
619 4497 675 4567 W.]
