3090 5118
353 352 416 414 734
654 367 1201 415 nrroanrmsori-unnnrmmsons

403 535 433 603 2.
481 532 657 626 Elogium
684 532 723 603 L.
749 531 897 605 Corneli
925 533 988 605 Cu.
1012 531 1036 604 f.
1061 533 1124 605 Cu.
1149 556 1185 604 n.
1211 529 1418 622 Scipionis-³)

296 714 334 752 111
439 687 478 751 ln
501 688 715 753 nobilissimis
739 689 806 752 illis
831 687 1017 772 Scipionum
1042 688 1158 773 elogiis
1188 685 1403 770 sepulcralibus
1421 687 1455 748 rix

350 794 437 858 aliud
461 795 562 859 tantis
587 817 657 858 esse
680 794 917 878 interpretandi
945 794 1204 861 dubitationibus
1228 793 1392 859 obnoxium
1408 815 1457 854 cou-

351 905 418 965 stat
443 924 540 985 quam
564 901 650 984 quod
674 901 708 965 L.
728 899 877 966 Cornelio
897 899 954 964 Cn.
973 901 994 964 f.
1014 899 1071 965 On.
1091 924 1121 964 n.
1140 901 1283 964 dicatum
1307 897 1382 983 apud
1398 897 1458 961 Orel-

350 1008 429 1071 lium
453 1007 573 1091 legitur
596 1030 729 1072 numero
754 1009 819 1072 555
849 1009 1015 1090 signatum
1044 1009 1090 1087 [in
1114 1005 1149 1072 C.
1171 1006 1196 1072 Ι.
1221 1006 1256 1071 L.
1279 1006 1295 1070 l
1317 1028 1345 1070 11.
1358 1007 1404 1088 343
1422 1003 1460 1080 ll,
1520 993 1521 1058 l

354 1117 368 1177 1
394 1115 541 1199 n.1289;
566 1114 599 1178 P.
619 1113 652 1177 L.
672 1113 714 1178 M.
734 1114 771 1178 E.
795 1116 860 1179 tab.
874 1113 947 1178 XLI
958 1113 1074 1199 K].**)

440 1221 500 1285 His
525 1223 624 1306 igitur
648 1223 694 1285 sio
718 1223 903 1288 constitutis
929 1222 1070 1306 elogium
1099 1221 1263 1306 integrum
1288 1218 1462 1304 probabiliter

309 1327 416 1390 vrnisi
440 1327 585 1392 fallimur
613 1351 686 1392 oum
715 1329 901 1412 suppletum
924 1332 995 1391 tum
1018 1328 1261 1412 interpunctum
1284 1325 1344 1390 hoo
1364 1325 1463 1388 habeb:

484 1432 603 1517 Magna
628 1436 788 1519 sapientia
812 1434 1011 1518 mul-trisque
1035 1427 1172 1499 uirtutes

483 1540 601 1604 Aetr'rte
626 1544 721 1625 quom
747 1544 848 1625 parua
878 1583 891 1590 -
920 1541 1050 1626 posidet
1072 1541 1135 1605 hoc
1159 1543 1302 1606 sarsum.

484 1646 600 1721 Quoier'
621 1648 690 1711 uitat
714 1648 845 1732 defecit,
881 1684 892 1694 ·
921 1651 987 1712 non
1010 1647 1127 1731 honos,
1150 1647 1289 1729 honore,

483 1753 516 1817 ls
539 1753 593 1818 ln'o
617 1756 707 1819 situs.
745 1755 818 1839 quei
842 1761 1009 1839 nunquam
1034 1792 1045 1802 ·
1068 1753 1174 1819 uictus
1199 1756 1251 1817 est
1274 1753 1411 1829 rrirlritei,

485 1861 598 1924 Amnis
622 1866 740 1945 gnatus
764 1860 883 1945 uiginti
906 1899 917 1908 -
940 1860 969 1925 1's
993 1857 1156 1946 Dtupisp
1179 1859 1376 1942 nrurr)dritus:

485 1966 535 2030 Ne
559 1965 729 2051 queuntis,
752 1966 875 2030 honore
900 2005 910 2014 -
937 1966 1014 2052 quer'
1035 1965 1141 2031 minus
1165 1966 1210 2029 sit
1233 1966 1425 2050 mancipibul

353 2073 489 2136 Versum
517 2074 664 2157 tertium,
692 2073 860 2156 perpensis
890 2097 972 2157 quae
999 2074 1128 2157 prolata
1156 2075 1234 2136 sunt
1264 2072 1416 2149 omnibus,
1437 2091 1467 2132 n

351 2179 497 2261 probatis
523 2181 630 2241 autem
655 2181 788 2260 propter
811 2200 940 2242 caussas
964 2179 1162 2243 certissimas
1182 2177 1345 2260 plurimis,
1367 2179 1406 2242 sic
1421 2197 1468 2236 esse

353 2269 586 2365 expediendum
620 2284 840 2348 intelleximus
873 2283 1082 2350 Lachmanno
1124 2285 1218 2348 duce:
1260 2282 1329 2348 ‘eui
1360 2283 1469 2347 brevis<

351 2389 452 2472 vitae,
484 2411 550 2454 non
574 2390 692 2454 indolis
722 2390 840 2472 honos,
873 2390 1021 2455 destituit
1047 2391 1203 2456 honorem
1227 2385 1470 2475 magistratuum

352 2495 458 2560 Simili
482 2501 590 2562 autem
621 2498 779 2579 acumine,
810 2501 907 2580 atque
937 2498 970 2561 in
1000 2497 1133 2563 honoris
1163 2498 1301 2563 notione
1332 2499 1389 2562 hoe
1414 2497 1472 2559 loco.

351 2604 436 2667 infra
458 2604 579 2668 luditur
602 2605 635 2668 in
659 2606 826 2668 rrmrrdclns
850 2604 1022 2669 vocabulo:
1051 2604 1165 2670 ‘annos
1189 2624 1238 2669 xx
1269 2611 1366 2674 natus
1387 2601 1470 2667 inferis

351 2717 401 2774 est
431 2711 618 2775 mandatus:
648 2712 750 2776 nolite
780 2712 880 2795 igitur
908 2733 1060 2796 quaerere
1089 2735 1145 2777 eur
1173 2714 1282 2776 miuus
1315 2713 1359 2776 sit
1385 2711 1471 2773 bonon

351 2819 603 2902 magistratuum
636 2817 835 2882 mandatus':
873 2841 930 2901 pro
964 2818 1073 2882 dativo
1111 2819 1197 2882 enim
1231 2818 1287 2883 hic
1323 2823 1382 2898 est,
1414 2833 1471 2896 quae

352 2949 449 3008 supra
479 2949 538 3009 pro
571 2926 756 2990 accusativo
788 2930 870 3008 erat,
906 2924 1086 2989 HONORE
1117 2925 1231 2989 forma.
1280 2925 1363 2988 Tam
1390 2937 1471 2984 auten

352 3037 473 3094 certam
498 3037 529 3096 et
553 3037 698 3114 apertam
722 3033 757 3095 in
779 3032 885 3114 lapide
910 3030 1037 3098 MAND
1062 3032 1224 3116 syllabam
1252 3028 1428 3106 intuemini,
1449 3029 1471 3086 ul

351 3159 415 3199 non
446 3139 549 3219 pluris
581 3162 649 3202 esse
680 3139 878 3222 intellegatis
910 3139 993 3224 quod
1022 3137 1252 3202 Lachmannus
1284 3135 1472 3202 mmminise-
1523 3125 1524 3132 ἵ

353 3245 446 3306 luitur
478 3253 608 3329 israelus,
647 3269 742 3329 quam
777 3245 861 3328 quod
894 3267 953 3308 nos
986 3244 1064 3308 olim
1096 3250 1235 3310 nanctus.
1283 3244 1335 3308 Dc
1367 3237 1472 3306 ablativi

353 3351 457 3413 forma
486 3353 596 3414 uirtute?
624 3351 677 3434 (oo
706 3353 791 3415 enim
820 3349 946 3435 spectat
969 3349 1178 3415 VIRTVTEI
1203 3347 1394 3436 scriptura),
1416 3350 1471 3410 ileu

352 3456 389 3517 de
407 3458 527 3536 posidet
547 3462 578 3521 et
596 3460 751 3537 purrirule's
770 3459 941 3522 verborum
962 3481 1126 3541 mensura,
1148 3481 1214 3522 non
1233 3463 1284 3522 est
1302 3481 1360 3521 cur
1377 3457 1473 3518 dir-aur

352 3563 507 3645 pluribus
555 3563 748 3629 Produetam
767 3567 802 3629 in
821 3568 889 3628 nitu
907 3565 1108 3629 nominativo
1128 3565 1278 3629 ultimam
1299 3565 1378 3628 satis
1397 3579 1473 3642 nupt

353 3669 532 3733 defendisse
549 3671 692 3735 videmur
706 3671 809 3735 Musei
826 3671 974 3734 ltlrenaui
991 3675 1012 3734 t.
1028 3669 1105 3734 XIV.
1121 3694 1150 3754 p.
1161 3671 1227 3735 405
1243 3675 1357 3758 [supra
1370 3669 1473 3754 pllilj·

441 3844 465 3912 l)
486 3846 673 3915 [Prooemium
713 3846 815 3900 ludieis
854 3847 1012 3900 scholarum
1046 3845 1216 3900 aestivarum
1256 3847 1431 3902 Bonnensium
1455 3855 1469 3890 a

352 3933 582 4004 collocetur]

422 4023 462 4092 **)
483 4025 567 4094 [lliuo
586 4041 672 4091 usque
691 4024 726 4077 ad
746 4044 773 4094 p.
790 4024 813 4076 V
830 4024 999 4079 ltitschelius
1019 4025 1146 4094 exempla
1160 4025 1196 4079 ad
1212 4025 1408 4080 restituendum
1422 4021 1461 4072 tit.

352 4114 408 4167 lum
425 4114 552 4167 adhibita
568 4113 709 4166 enarravit
727 4117 755 4166 ot
774 4114 947 4179 diiudicarit,
964 4132 1035 4182 quae
1050 4115 1144 4167 omnia
1157 4115 1263 4170 iterata
1276 4115 1303 4170 in
1315 4111 1470 4167 unmana-

352 4204 511 4256 tubulururn
535 4221 561 4270 p.
578 4209 611 4254 :32
627 4205 655 4255 et
669 4209 702 4254 34
719 4221 756 4270 sq.
778 4203 824 4257 lric
848 4203 1005 4270 omisimus;
1031 4201 1194 4270 reliquimus
1218 4205 1304 4258 solum
1331 4197 1468 4271 disputatio

353 4309 416 4345 nem
435 4294 468 4346 de
493 4291 562 4360 ipsis
581 4293 706 4345 versibus
726 4293 753 4345 in
773 4293 826 4346 line
845 4292 1062 4361 programmatis
1081 4291 1255 4358 institutam,
1279 4309 1349 4360 quac
1367 4301 1468 4358 qusmu·

352 4379 413 4448 ipsu
432 4381 449 4436 l.
465 4402 485 4437 s.
503 4401 522 4435 s.
539 4382 658 4449 repetitu
674 4383 725 4435 hoc
740 4398 851 4450 quoque
867 4381 928 4436 loco
947 4398 1003 4435 non
1022 4381 1081 4434 sine
1097 4381 1188 4434 lmotu
1203 4380 1265 4434 risa
1278 4381 1320 4435 est
1334 4379 1387 4447 legi
1401 4391 1460 4445 pus-³<

354 4469 381 4522 e.
399 4470 452 4539 uz]
