3020 5118
394 353 650 402 cosnasesrro
675 353 787 400 aaron.
1101 332 1167 398 203

59 501 79 564 id
93 499 254 564 rectissime
278 500 343 564 iam
358 499 382 565 l.
396 499 448 564 Fr.
468 496 651 563 Gronovius
674 495 800 562 dixerat
823 493 981 560 ‘nimium'
1003 515 1083 576 esse,
1106 491 1169 558 hoc

56 610 87 670 est
106 605 234 670 nimium
267 605 308 672 ad
340 629 447 672 rerum
479 607 663 674 veritatem:
702 604 821 690 quippe
854 603 939 689 quod
973 603 1096 688 proelio
1127 601 1168 668 ad

56 713 236 796 Myonnesum
259 713 317 780 illo
341 713 473 778 minime
496 713 572 778 dum
596 713 744 778 effectum
768 713 862 776 esset.
894 709 977 788 Quid
997 715 1107 778 autem
1126 711 1170 776 sit

54 821 112 906 quod
132 821 278 886 effectum
303 825 385 904 erat,
409 821 609 906 planissimis
633 819 741 886 verbis
766 819 834 904 ipse
858 817 968 884 Livius
991 817 1170 884 declaravit

52 949 97 1011 cap.
112 929 148 994 31
173 930 194 994 l.
213 926 383 994 XXXVII:
413 927 497 1006 ‘Quo
524 929 658 994 territus
682 925 877 1010 Antiochus,
911 925 988 1010 quia
1017 947 1169 1010 posses·

50 1035 133 1100 sione
163 1035 280 1102 maris
314 1035 448 1120 pulsus
481 1035 659 1121 longinqua
686 1034 769 1100 tueri
798 1032 967 1099 diffidebat
995 1055 1028 1096 sc
1052 1029 1169 1117 posse.’

49 1141 79 1206 Er
95 1143 199 1226 paullo
223 1146 311 1230 post:
344 1142 501 1229 ‘Regillus
529 1141 688 1207 Aemilius
715 1146 791 1227 post
818 1141 989 1229 uictoriam
1017 1139 1169 1206 naualem

47 1249 186 1332 profectus
199 1251 370 1336 Ephesum
389 1301 397 1318 .
416 1301 423 1316 .
443 1301 450 1316 .
470 1299 477 1316 .
496 1271 568 1316 cum
592 1247 874 1316 confessionem
898 1247 1072 1314 concessi
1094 1269 1168 1312 nra·

47 1357 85 1419 ris
104 1357 276 1424 nltimam
303 1358 391 1425 hosti
415 1357 627 1442 expressisset
650 1407 657 1422 .
677 1407 684 1422 .
704 1407 711 1422 .
730 1355 749 1422 .'
796 1355 845 1420 Ad
870 1355 954 1420 hanc
977 1355 1078 1442 igitur
1099 1375 1169 1420 sen·

46 1465 158 1530 tentiam
181 1465 245 1530 etsi
268 1445 494 1550 supplementa
518 1487 590 1532 mea
613 1469 759 1550 poteram
782 1466 829 1530 sio
852 1463 1107 1530 accommodare:

93 1597 143 1662 Ea
165 1605 296 1685 pugna
319 1601 493 1686 pugnatei
516 1623 579 1664 rex
598 1637 620 1646 -
641 1599 840 1665 ‘Antiocris
864 1603 1099 1684 regnumque

94 1707 184 1772 Eius
207 1709 246 1770 e‘a
270 1708 366 1770 orori
388 1707 487 1772 decane
508 1707 671 1788 fretelam
690 1745 710 1754 -
729 1707 838 1792 aitque
860 1707 1060 1774 aethic‘eturu
1083 1708 1144 1768 cst.

93 1813 182 1880 Eius
207 1814 262 1879 rei
286 1833 379 1899 ergo
401 1835 425 1880 c.
443 1837 469 1896 q.
489 1835 522 1894 a,

44 1954 69 2010 ut
88 1948 123 2012 ad
146 1969 259 2032 parem
283 1948 396 2032 spari
420 1970 530 2013 vocem
559 1947 660 2013 oculis
688 1948 856 2014 aberrasse
887 1945 1037 2012 librarius
1065 1945 1170 2010 crede·

44 2057 114 2118 retur
139 2055 270 2120 iubente
299 2053 447 2141 sigonio,
479 2061 587 2120 tamen
620 2057 766 2140 asperius
799 2055 831 2120 in
866 2054 973 2119 verbis
1001 2053 1172 2120 Aetirelerrs

45 2183 209 2246 reperentque
230 2163 296 2228 eirca
316 2163 451 2244 sructura
475 2183 610 2248 zeugma
632 2162 738 2228 visum
757 2167 807 2226 est
826 2185 923 2248 quam
941 2161 992 2226 cui
1012 2183 1077 2226 non
1096 2161 1170 2224 duo·
1186 2187 1211 2226 rc

45 2267 89 2332 bus
110 2269 190 2335 loeis
215 2270 419 2354 dispertitam
438 2271 586 2335 lacunam
606 2269 811 2354 praeferrem.
829 2307 864 2316 -
885 2269 1058 2334 Praeterea
1077 2289 1170 2332 versu

43 2375 134 2441 tludi
159 2377 224 2442 alia
248 2377 352 2442 multa
375 2381 565 2462 potuerunt,
593 2399 658 2442 non
687 2377 782 2443 modo
806 2377 910 2442 levius
934 2375 1086 2442 variando
1110 2373 1171 2438 rte·

39 2482 168 2564 prospere?
187 2483 282 2562 cessit,
306 2483 362 2548 sed
385 2483 483 2548 etiarn
507 2483 588 2548 talia
610 2483 719 2568 qualia
743 2489 831 2568 sunt,
856 2489 890 2548 ut
913 2482 1068 2568 exemplis
1090 2486 1172 2564 utar,

94 2607 228 2672 Diuo'm
246 2630 323 2690 poa·
345 2609 557 2690 dpitrelderit.
580 2647 601 2655 -
625 2607 799 2693 adspicio
824 2607 984 2693 imperio

42 2730 81 2794 rel
94 2733 223 2798 stercilio
244 2733 309 2814 fuit
325 2753 393 2815 pax
414 2734 519 2798 diuma
544 2734 593 2798 vel
613 2733 746 2798 slueilio
768 2734 853 2814 fuere
875 2733 943 2798 ele'rre'
967 2732 1016 2796 vel
1036 2731 1083 2796 De'
1100 2731 1172 2812 pro'·

40 2839 100 2914 pilii
117 2839 203 2918 ferere
226 2843 259 2904 et
282 2839 310 2903 si
334 2861 416 2924 quae
440 2843 515 2904 sunt
539 2839 666 2904 similia.
708 2839 843 2916 Qualem
871 2838 1063 2904 sententiam
1089 2837 1172 2902 alius

45 2943 143 3008 titulus
166 2945 372 3032 commendat
394 2947 485 3012 cuius
508 2947 593 3012 idem
617 2945 729 3010 Livius
753 2945 814 3028 Vl,
834 2947 875 3010 29
906 2944 1102 3010 mentionem
1126 2943 1172 3008 in·

44 3047 116 3114 iecit:
140 3051 191 3116 ‘'P.
210 3053 380 3128 Quinctius
403 3054 504 3118 semel
527 3053 595 3118 acie
619 3054 737 3136 uictor,
766 3053 849 3118 binis
878 3053 992 3116 castris
1023 3050 1173 3133 hostium,

44 3176 143 3222 nouem
174 3159 302 3245 oppidis
331 3161 362 3226 ui
391 3161 508 3244 captis,
540 3161 713 3226 Praeneste
743 3162 777 3226 in
805 3159 1003 3226 deditionem
1031 3161 1173 3244 accepto,

44 3263 164 3330 Romam
191 3267 326 3331 reuertit
353 3267 620 3352 triumphansque
648 3267 778 3351 signum
802 3267 975 3332 Praeneste
1003 3266 1172 3333 deuectum

44 3369 117 3436 louis
144 3371 351 3458 Imperatoris
383 3373 416 3438 iu
445 3373 641 3459 Capitolium
671 3375 757 3438 tulit.
799 3373 979 3439 dedicatum
1013 3379 1064 3438 est
1091 3373 1174 3438 iuter

44 3479 143 3544 cellam
167 3480 252 3546 louis
277 3501 314 3546 ao
337 3479 514 3562 Mineruae,
543 3481 717 3566 tabulaque
745 3482 805 3547 sub
834 3505 871 3546 eo
903 3483 967 3546 fixa
990 3501 1173 3546 monumen·

44 3588 100 3649 tum
123 3609 225 3652 rerum
250 3591 416 3673 gestarum
445 3589 495 3654 his
524 3589 643 3654 ferme
673 3589 775 3654 incisa
798 3589 917 3654 litteris
941 3588 1014 3652 fuit:
1043 3586 1172 3669 luppi-

44 3695 93 3754 ter
119 3697 229 3780 atque
257 3693 337 3760 diui
366 3715 495 3760 omues
527 3695 597 3761 hoc
626 3695 815 3760 dederunt
842 3699 882 3758 ut
910 3693 945 3758 T.
970 3693 1174 3768 Quinctius

45 3795 198 3866 dictator
219 3799 361 3886 oppida
383 3823 517 3866 nouem
547 3799 723 3886 caperet?
766 3801 942 3866 Manifesta
966 3799 999 3863 iu
1023 3799 1074 3862 his
1099 3819 1174 3881 quo

46 3927 95 3986 flue
124 3907 342 3974 Saturuiorum
371 3907 523 3993 vestigia:
557 3931 692 3992 quorum
724 3908 917 3992 principium
950 3905 1039 3992 (nam
1068 3910 1177 3970 cetera

46 4015 186 4098 temptare
213 4016 295 4082 velle
324 4019 357 4080 et
379 4015 584 4080 temerarium
614 4017 658 4080 sit
686 4023 718 4080 et
746 4011 931 4098 ridiculum)
955 4013 1085 4098 potuit
1114 4014 1176 4078 sal·

46 4121 100 4184 tem
121 4122 181 4187 tale
203 4145 273 4188 esse
293 4122 387 4208 quale
412 4123 497 4187 infra
519 4123 721 4207 scripsimus,
753 4145 816 4186 non
841 4121 948 4206 potuit
971 4123 1058 4186 certe
1082 4121 1175 4212 quale

47 4219 206 4295 Niebuhrio
229 4229 315 4294 Hist.
341 4229 431 4294 Rom.
455 4229 486 4292 ll
512 4253 542 4314 p.
561 4233 627 4294 662
649 4230 780 4315 placuit

104 4349 272 4436 luppiter
296 4356 412 4438 aitque
436 4353 514 4419 diui
539 4393 559 4400 -
583 4357 713 4422 dmnes
737 4355 806 4418 heic
830 4353 1029 4438 dede'runt,

103 4451 158 4521 'Vt
177 4459 287 4526 Titus
311 4459 518 4538 Quinctius
541 4461 739 4530 dic—tritor
764 4465 803 4528 ia
825 4461 948 4530 drec‘llo
