3008 5118
72 373 112 419 ns
133 369 323 418 rrcrmrsvs
347 369 559 431 pransurus
584 371 790 418 anemonen
815 371 1084 432 anrmvrssuus.
1113 356 1177 422 267
1288 441 1292 450 ι

52 523 107 580 tem
129 515 164 578 de
186 511 282 578 eaelo.
327 511 533 599 Intellegitur
556 513 619 579 hoc
642 515 783 599 primum
807 536 845 580 en
868 513 943 579 libri
968 514 1009 580 V·
1021 513 1068 580 de.
1083 515 1104 580 l.
1122 515 1179 582 lat.

52 623 121 704 §64
142 619 191 686 his
209 621 329 686 verbis:
353 619 464 706 ‘quare
487 619 572 706 quod
596 622 720 686 caelum
743 621 947 706 principium,
970 623 1011 686 ab
1034 627 1107 688 satu
1130 627 1180 688 est

52 730 140 794 dietus
163 726 333 811 Saturnus,
356 731 390 792 et
413 727 498 813 quod
522 728 622 812 ignis,
650 726 876 794 Saturnalibus
899 727 982 793 cerei
1006 729 1179 812 superiori·

52 836 99 900 bus
120 831 316 898 mittuntur':
339 833 391 898 cui
414 833 475 899 deo
496 833 597 918 Opem
622 835 769 919 sociavit,
791 839 911 901 terram
935 834 1180 920 interpretatus,

51 941 132 1026 ‘qood
159 946 246 1006 terra
274 939 399 1006 mater’.
443 939 482 1006 In
512 939 710 1028 eandemque
738 945 863 1027 partem
892 937 1003 1006 valeirt
1030 963 1113 1026 quae
1141 964 1179 1008 er

50 1049 153 1114 Rerum
175 1047 357 1113 divinarum
379 1047 473 1112 libris
497 1053 649 1134 excerpta
667 1049 869 1136 Augustinus
893 1047 1036 1114 serravit
1058 1047 1096 1112 de
1120 1048 1180 1114 civ.

49 1155 89 1219 dei
109 1156 128 1221 l.
145 1153 209 1220 VII
233 1178 260 1220 o.
281 1155 321 1220 13
340 1152 510 1221 ‘Saturnus
525 1179 667 1222 -unus
690 1156 729 1223 de
752 1155 951 1240 principibus
970 1153 1058 1240 deus,
1080 1177 1179 1239 penes

49 1285 129 1346 qoem
152 1261 314 1328 sationum
338 1263 484 1329 omnium
503 1263 687 1330 dominatus
711 1261 783 1346 est’,
806 1261 937 1328 conlata
955 1260 1084 1346 quidem
1105 1283 1177 1326 cum

47 1366 102 1433 illis
122 1369 143 1433 l.
159 1367 220 1452 Vl,
240 1370 262 1436 8
286 1369 381 1435 ‘sicut
403 1369 489 1435 idem
514 1370 666 1455 opinatur
689 1367 803 1452 Varro,
830 1367 915 1454 quod
938 1367 1101 1453 pertineat
1123 1367 1179 1435 Sa·

48 1488 145 1540 turnus
172 1475 213 1540 ad
242 1475 381 1558 semina,
413 1499 495 1562 quae
523 1478 557 1542 in
583 1481 705 1544 terram
733 1475 771 1540 de
800 1499 864 1562 qua
891 1477 1038 1540 oriuntur
1060 1475 1179 1542 iterum

48 1580 203 1666 recidunt’,
234 1582 315 1648 item
343 1604 416 1648 cnm
443 1583 494 1648 his
518 1582 596 1668 VII,
622 1583 661 1648 19
692 1581 878 1648 ‘Saturnum
906 1581 1070 1666 dixerunt,
1097 1605 1179 1668 quae

48 1693 112 1754 rata
133 1711 170 1754 ex
192 1709 232 1768 eq
257 1693 380 1774 essent,
410 1690 540 1756 solitum
564 1689 733 1772 deuorare,
756 1688 842 1774 quod
865 1711 903 1754 eo
927 1688 1064 1772 semina,
1095 1687 1179 1755 unde

47 1801 251 1880 nascerentur,
278 1794 442 1862 redirent?
491 1797 520 1862 Ε
543 1795 691 1863 Varrone
719 1818 791 1861 oum
815 1793 1035 1862 Tertullianus
1062 1793 1181 1880 pendet

47 1901 62 1964 l.
77 1900 104 1964 ll
127 1900 168 1966 ad
190 1907 261 1968 nat.
283 1924 309 1968 c.
332 1903 386 1968 12:
410 1901 521 1988 ‘aeque
545 1903 640 1968 latini
663 1901 814 1968 uocabuli
838 1923 857 1966 a
881 1901 1060 1968 sationibus
1083 1903 1181 1968 ratio·

46 2029 107 2072 nem
130 2008 165 2090 [ii
189 2009 369 2092 deducunt]
401 2011 458 2095 qui
486 2032 557 2075 eum
591 2015 831 2094 procreatorem
859 2008 1095 2075 conlectantur:
1124 2029 1182 2092 per

46 2135 105 2178 eum
128 2115 243 2197 [enim]
271 2115 441 2182 seminalia
465 2115 545 2181 caeli
570 2117 617 2198 [in
636 2119 769 2197 terram]
789 2114 933 2194 deferri'‚
955 2119 1026 2180 tum
1050 2135 1208 2180 suorum⁴

46 2225 155 2303 partem
183 2220 332 2288 Isidorus
361 2221 449 2308 Orig.
473 2220 700 2306 V111,11,30
730 2223 873 2307 repet't:
904 2221 1001 2288 ‘bunc
1024 2218 1135 2286 Latini
1163 2243 1183 2286 a

46 2333 107 2392 satu
129 2331 331 2415 appellatum
354 2330 476 2414 ierunt,
506 2331 597 2416 quasi
626 2329 666 2394 ad
690 2331 796 2414 ipsum
820 2331 905 2394 satio
930 2327 1092 2414 pertineat
1116 2349 1181 2392 om·

45 2435 122 2501 nium
144 2459 271 2502 rerum:
298 2437 351 2502 uel
375 2460 396 2503 a
417 2436 572 2520 temporis
598 2435 809 2524 longitudine,
832 2436 918 2524 quod
942 2439 1106 2501 saturetur
1129 2457 1183 2500 an·

46 2541 107 2626 nis',
137 2549 170 2610 et
192 2545 253 2608 312
287 2543 384 2627 ‘quod
413 2543 550 2627 semina,
582 2542 664 2609 unde
688 2544 850 2626 oriuntur,
882 2543 1000 2608 iterum
1027 2541 1184 2608 redeunt'.

46 2647 102 2714 Nec
122 2653 233 2716 tamen
258 2671 279 2714 a
302 2647 446 2734 generali
474 2649 610 2715 sationis
638 2649 838 2734 cogitatione
866 2669 1056 2735 segregasse
1078 2647 1183 2714 Varro

47 2753 176 2838 ipsorum
201 2776 360 2840 agrorum
384 2755 542 2822 sationem
566 2755 728 2840 putandus
749 2759 806 2840 est,
829 2755 958 2841 quando
978 2755 1107 2822 ‘falcem
1126 2755 1183 2822 ha·

47 2859 109 2926 bere
138 2868 277 2948 propter
309 2860 559 2947 agriculturam'
592 2861 674 2928 dixit
705 2867 789 2928 teste
822 2862 1007 2948 Augustino
1030 2861 1109 2946 VII,
1134 2861 1183 2926 19.

47 2964 146 3053 ltaque
170 2973 311 3054 utraque
333 2967 467 3034 notione
491 2969 615 3035 sociata
637 2968 823 3034 Macrobius
847 2967 913 3035 sar.
936 2967 1032 3054 1,10‚
1054 2969 1093 3034 19
1118 2968 1185 3034 ‘Sa-

48 3079 163 3141 turnum
186 3077 324 3162 einsque
346 3097 478 3141 uxorem
501 3073 632 3162 (Opem)
655 3080 724 3142 tarn
746 3076 878 3162 frugum
900 3097 998 3160 quam
1020 3075 1184 3142 fructuum

48 3187 214 3264 repertores
239 3203 312 3248 esse
334 3181 437 3250 credi’
461 3184 574 3249 scribit
597 3183 719 3268 ‘itaque
742 3183 829 3250 omni
853 3183 919 3248 iam
942 3183 1011 3248 fetu
1031 3203 1184 3269 agrorum

49 3289 212 3358 eoactoab
228 3289 417 3356 hominibus
435 3289 496 3354 hos
515 3289 591 3356 deos
611 3291 674 3355 coli
693 3291 784 3376 quasi
803 3291 891 3355 uitae
911 3289 1058 3356 cultioris
1078 3295 1185 3358 aucto

51 3415 104 3458 res:
134 3419 215 3480 quos
244 3394 358 3460 etiam’
386 3397 447 3482 (sic
476 3397 561 3462 enim
591 3397 698 3482 pergit
725 3401 745 3478 ἓ
770 3395 826 3481 20)
855 3395 1031 3463 ‘nonnullis
1060 3398 1185 3464 eaelum

52 3521 81 3564 ac
101 3505 219 3568 terram
243 3523 315 3567 esse
338 3524 526 3587 persuasum
550 3507 614 3588 est,
645 3503 882 3588 Saturnumque
911 3527 930 3570 a
957 3507 1031 3570 satu
1055 3503 1186 3588 dictum,

52 3608 128 3672 cuius
151 3630 250 3674 causa
274 3607 313 3672 de
336 3609 425 3676 caelo
449 3607 510 3674 est’
539 3632 565 3674 e.
583 3632 613 3694 q.
632 3633 656 3676 s.
702 3609 824 3676 Contra
851 3609 891 3674 ad
919 3611 985 3676 vim
1013 3611 1185 3676 caelestem

51 3733 106 3778 non
127 3715 350 3800 exspatiantes
377 3715 411 3781 in
440 3720 584 3782 satorum
614 3714 691 3782 h.'e.
714 3721 860 3802 segetum
889 3717 1089 3804 cogitatione
1113 3717 1186 3783 sub·

52 3819 152 3886 stitere
175 3826 209 3888 et
228 3821 395 3887 Arnobius
418 3822 490 3888 adv.
507 3827 574 3887 nat.
593 3821 651 3907 lV,
669 3823 689 3888 9
714 3821 906 3908 ‘praesidem
930 3823 1057 3890 satiuis’
1079 3823 1186 3890 dicens

53 3923 84 3990 de
104 3929 272 4011 praeclara
294 3927 518 3994 emendatione
542 3925 674 3993 Canteri
699 3925 877 4013 (proditum
902 3933 952 3994 est
975 3929 1060 3995 enim
1086 3929 1186 4015 ‘prae-

53 4033 144 4100 sidem
162 4032 314 4120 latiuis'),
337 4039 370 4100 et
388 4055 463 4099 vero
483 4035 644 4118 imprimis
664 4034 836 4100 luculentis
851 4037 1048 4102 testimoniis
1062 4035 1189 4121 Festus,

53 4138 145 4206 altero
173 4141 235 4207 hoc
259 4163 289 4226 p.
311 4142 374 4208 186
392 4140 448 4206 M.:
476 4141 606 4226 ‘Opima
629 4143 734 4227 spolia
761 4143 912 4208 dicuntur
936 4143 1095 4228 originem
1119 4145 1186 4230 qui·

55 4241 119 4310 dem
148 4247 314 4314 trahentia
345 4249 386 4312 ab
416 4247 483 4332 Ope
511 4247 642 4314 Saturni
671 4270 782 4332 uxore,
819 4251 903 4334 quod
934 4252 1003 4336 ipse
1030 4271 1187 4336 ,agromm

56 4351 150 4418 cultor
172 4353 319 4437 habetur,
345 4357 532 4420 nominatus
556 4378 576 4420 a
599 4359 687 4441 satu,
719 4360 895 4440 tenensque
923 4357 1038 4422 falcem
1062 4357 1187 4442 effingi·

57 4457 111 4540 tor,
137 4465 291 4544 quaeest
318 4461 443 4548 insigne
473 4461 645 4550 agricolac'
670 4485 696 4528 e.
715 4485 744 4548 q.
764 4487 802 4550 a,
833 4465 935 4530 altero
963 4463 1060 4551 longe
1089 4463 1187 4528 etiam
