3008 5118
316 377 380 441 2118
632 396 678 442 DE
704 397 903 444 FlC'rlhlnvs
928 396 1139 444 lnr'rffltarls

315 538 492 622 insigniore
520 561 550 622 p.
569 539 634 602 325
654 561 688 603 o:
721 537 874 603 ‘Saturno
909 539 977 603 dies
1010 538 1112 630 festus
1145 539 1319 603 celebratur
1344 559 1424 602 meuse

314 643 505 728 Decembre,
534 646 618 730 quod
643 669 680 710 eo
706 646 793 710 aedis
826 651 876 710 est
899 645 1061 710 dedicata:
1094 650 1125 710 et
1150 647 1177 710 is
1201 645 1337 710 culturae
1357 665 1425 728 agro·
1493 731 1494 734 Ἴ

314 773 384 814 rum
408 752 591 835 praesidere
614 753 752 836 uidetur,
781 776 843 836 quo
875 755 972 817 etiam
1003 754 1069 817 falx
1099 758 1149 817 est
1177 757 1210 816 et
1238 753 1278 836 (a
1296 774 1317 816 e.
1338 752 1375 815 eil
1395 752 1428 814 ia·

315 858 415 941 signe.
452 882 565 924 uersus
590 883 715 944 quoque
740 861 972 944 antiquissimi,
997 861 1114 944 quibus
1138 860 1270 924 Faunus
1292 859 1353 922 fata
1372 859 1429 921 ceei-

313 965 400 1029 nisse
429 965 615 1032 hominibus
644 968 785 1051 uidetur,
815 967 957 1032 Saturnli
987 968 1209 1050 appellantur:
1243 966 1351 1050 quibus
1376 969 1429 1027 ela
1488 1036 1492 1058 4

313 1070 439 1136 Naeuio
463 1074 584 1137 bellom
606 1075 762 1139 Punicum
788 1077 943 1159 scriptum
968 1079 1017 1138 est
1040 1081 1073 1138 et
1096 1098 1115 1138 a
1140 1074 1252 1138 mult-is
1275 1071 1343 1135 aliis
1361 1071 1430 1153 plura
1491 1063 1492 1072 ¹

314 1180 495 1260 composita
520 1184 603 1244 sunt.
646 1182 700 1263 qui
725 1181 802 1244 deus
826 1181 862 1244 in
886 1181 1063 1245 Saliaribus
1089 1178 1247 1244 Saturnus
1270 1177 1432 1242 nominatur.
1497 1221 1498 1226 η

313 1285 463 1348 uidelicet
487 1309 505 1348 a
530 1287 731 1351 sationibus'
773 1287 825 1352 Sic
848 1290 933 1352 enim
953 1288 1031 1351 haec
1056 1287 1089 1350 in
1113 1287 1221 1350 codice
1248 1285 1360 1367 scripta
1382 1305 1431 1346 esse

313 1389 352 1452 H.
365 1391 488 1454 Keilius
504 1397 644 1457 test-atur
657 1393 760 1457 lllusei
782 1394 885 1457 nostri
905 1394 1017 1476 philol.
1030 1389 1075 1457 VI
1091 1417 1119 1476 p.
1131 1393 1204 1456 625.
1228 1391 1431 1456 InSaliaribos

314 1519 376 1581 quo
401 1499 529 1562 noniine
555 1499 658 1563 dietus
682 1501 793 1583 fuerit,
816 1501 927 1584 paullo
952 1505 1028 1583 post
1052 1507 1237 1584 quaerelam
1261 1497 1432 1563 cuml'enio

313 1602 430 1669 Flacco
454 1605 620 1689 vulgarem
645 1608 786 1670 nominis
810 1607 948 1671 formam
973 1630 992 1670 a
1016 1608 1150 1672 serendo
1170 1608 1298 1671 ductam
1318 1607 1353 1670 ad
1370 1606 1433 1689 agri·

314 1711 506 1774 colationem
536 1711 734 1774 rettulerunt
758 1711 959 1796 Hartungius
989 1713 1028 1778 de
1051 1713 1141 1797 relig.
1166 1713 1260 1779 Rom.
1284 1713 1315 1777 ll
1337 1735 1363 1796 p.
1384 1713 1433 1779 111.

287 1816 540 1882 tSchwenclrius
565 1817 603 1880 de
627 1817 764 1900 mythol.
788 1817 879 1881 Rom.
904 1841 932 1901 p.
951 1819 1021 1884 184.
1063 1820 1107 1883 Et
1130 1820 1179 1883 illi
1202 1820 1328 1903 quidem
1349 1841 1435 1903 prose
1497 1895 1498 1901 ἵ

315 1925 424 1988 diaeae
449 1925 585 1988 rationis
611 1924 811 2007 disparilitas
834 1925 920 1988 inter
944 1929 1051 1990 stator
1080 1931 1188 1990 sistus
1218 1933 1250 1990 et
1275 1925 1434 1991 Saturnus
1497 2001 1498 2005 Ἰ

315 2032 474 2094 vocabula
492 2032 691 2095 intercedens
708 2033 791 2095 nihil
811 2033 952 2115 scrupuli
967 2033 1116 2097 iniecisse
1131 2034 1273 2097 videtur:
1296 2055 1371 2116 quae
1387 2054 1434 2096 non

314 2137 466 2200 mediocri
496 2138 692 2202 dubitationi
717 2138 917 2202 Buttmanno
947 2139 1009 2202 fuit
1037 2138 1220 2224 Mythologi
1245 2139 1278 2203 ΙΙ
1302 2163 1330 2223 p.
1347 2141 1436 2220 29111,

314 2249 382 2307 tam
406 2245 498 2326 gravi
523 2249 629 2308 alitem
654 2247 822 2309 offensioni
848 2245 1011 2310 lt'lauseno
1036 2247 1074 2309 de
1096 2245 1206 2311 Aenea
1229 2251 1263 2311 et
1286 2247 1436 2310 Penaliluu
1497 2325 1498 2328 Ἴ

314 2350 345 2414 ll
371 2374 400 2434 p.
421 2351 484 2414 866
509 2357 545 2414 ut
564 2353 652 2414 nullo
673 2353 768 2415 niodo
787 2353 990 2416 tolerabilem
1011 2353 1245 2435 pronuntiaret.
1284 2351 1395 2416 Contra
1410 2350 1436 2412 de
1497 2433 1498 2436 Ἴ

314 2457 435 2539 duplici
461 2458 561 2540 stirpe
585 2458 715 2542 linguae
739 2460 859 2522 latinae
885 2459 1112 2524 Schweuckius
1145 2460 1324 2544 cogitabat,
1351 2481 1436 2522 sacre

314 2567 347 2627 et
379 2586 530 2641 severe,
563 2587 697 2647 quarum
732 2565 790 2628 illa
823 2588 860 2628 ex
892 2587 925 2628 se
958 2571 1160 2648 procreasset
1193 2569 1314 2649 setus,
1348 2565 1436 2639 altera,
1483 2616 1490 2633 .

314 2693 410 2755 quam
434 2694 586 2755 umquam
616 2673 778 2736 exstitisse
806 2673 896 2736 nullo
924 2679 1092 2756 praeterea
1116 2673 1255 2757 vestigio
1280 2673 1436 2758 conligitur.
1483 2636 1491 2727 l

315 2777 507 2843 Saturnus
531 2778 678 2842 formam.
1490 2765 1491 2784 ¹

403 2885 430 2948 A
457 2886 659 2949 saturandi
685 2892 792 2949 autem
817 2888 949 2951 notione
974 2886 1138 2969 profectus
1163 2886 1286 2968 primus
1311 2911 1326 2951 e
1347 2885 1436 2952 latinis

314 2992 500 3057 terretoribus
525 2990 636 3056 Cicero
663 2992 844 3057 ‘Saturnus'
873 2994 979 3077 inquit
1008 2993 1068 3056 ‘est
1091 2991 1274 3076 appellatus
1303 2995 1382 3080 quod
1401 3013 1436 3054 sa·

315 3102 476 3161 turaretur
500 3098 607 3162 anrris’
631 3101 669 3162 de
694 3105 758 3163 nat.
783 3101 867 3163 deor.
892 3101 937 3182 ll,
961 3101 1016 3172 525,
1041 3101 1097 3183 64,
1129 3101 1207 3163 item
1239 3100 1302 3184 111,
1325 3101 1375 3180 24,
1395 3101 1436 3160 6·.’;

316 3226 397 3288 (prae
421 3205 518 3267 verba
543 3212 671 3287 practer
691 3208 850 3271 Isidorum
874 3231 971 3290 supra
991 3213 1279 3271 commemoratum
1304 3231 1359 3271 sua
1379 3205 1436 3270 l'eeit
1491 3262 1495 3297 ἔ

315 3312 501 3375 Lactantius
531 3313 635 3375 lustit.
660 3313 688 3387 l,
712 3315 759 3376 12.
813 3314 892 3376 Eius
922 3317 1029 3380 autem
1058 3313 1230 3396 veriloquii
1258 3319 1384 3398 apparet
1407 3309 1436 3374 ll.

315 3418 459 3481 'l'ullium
484 3440 630 3482 caussam
655 3442 718 3484 non
745 3420 873 3482 aliunde
899 3421 966 3483 nisi
992 3443 1010 3484 a
1033 3421 1197 3484 tralaticia
1220 3421 1305 3503 apud
1328 3421 1435 3504 popula·

314 3549 365 3590 res
395 3549 470 3588 suos
501 3523 631 3588 Saturni
660 3548 731 3588 curn
763 3526 885 3610 Κρόνῳ,
920 3527 1004 3610 apud
1029 3526 1170 3591 Graecos
1201 3532 1310 3592 autem
1338 3527 1436 3606 Κρόνου
1495 3509 1496 3541 ³

314 3658 386 3698 eum
415 3633 522 3714 χρόνῳ
552 3633 793 3714 comparatione
823 3635 964 3716 petiisse,
1010 3633 1077 3697 Nee
1107 3635 1234 3698 defuere
1268 3637 1322 3718 qui
1348 3631 1434 3696 eaden

315 3741 485 3806 saturitate
511 3761 667 3802 armorum
693 3738 731 3801 ad
755 3739 861 3821 ipsum
886 3741 965 3803 adeo
991 3761 1142 3822 graecum
1164 3763 1282 3804 nomen
1302 3735 1435 3804 translata
1495 3719 1496 3810 l

316 3851 438 3926 Κρόνον
463 3869 481 3909 a
506 3846 591 3926 κόρῳ
615 3845 780 3924 ducerent,
805 3849 840 3908 ut
863 3845 968 3928 Lydus
994 3846 1031 3908 de
1055 3869 1154 3910 niens.
1179 3847 1220 3928 ll,
1243 3849 1278 3910 ll
1306 3847 1377 3911 κατὰ
1394 3845 1435 3904 atr
1495 3827 1496 3832 ¹

315 3955 485 4030 θεολογίαν
510 3952 563 4015 οἶα
587 3957 717 4031 όιοκορῆ
740 3957 817 4016 νοῦν
838 3954 1063 4035 interpretans,
1087 3954 1166 4016 κατὰ
1190 3956 1224 4017 δὲ
1250 3949 1435 4030 avalosa

315 4062 413 4124 οἱονεὶ
438 4063 541 4138 πλήρη
570 4062 619 4122 καὶ
644 4063 757 4137 perron
782 4061 865 4124 ἐτῶν
889 4059 959 4124 ἀντὶ
983 4065 1040 4124 τοῦ
1065 4061 1257 4139 μακραίωνα.
1302 4057 1434 4125 Eandem-

315 4191 375 4250 (luo
403 4167 653 4250 originationem
683 4168 723 4229 ad
753 4189 903 4248 graecum
933 4167 1028 4230 simul
1059 4172 1155 4251 atque
1183 4167 1318 4232 latinum
1339 4181 1433 4228 nomeu

316 4274 570 4354 aeornnmodans,
594 4275 648 4336 sed
674 4275 846 4337 seiunctam
873 4274 913 4337 ab
937 4274 1048 4356 inepta
1072 4297 1228 4338 annorum
1254 4271 1434 4357 cogitatione.

315 4381 394 4443 haee
419 4380 515 4442 verba
539 4380 716 4462 llionpsius
742 4382 816 4444 Ant.
843 4381 876 4443 ll.
902 4381 914 4442 1
922 4433 929 4464 ,
949 4385 990 4445 36
1017 4383 1132 4464 posuit,
1156 4382 1191 4444 in
1215 4382 1326 4465 quibus
1343 4395 1431 4440 rerum

316 4486 434 4550 vidisse
459 4508 557 4550 unum
583 4486 791 4571 Sylburgiunr
818 4493 968 4572 putamus
993 4487 1188 4573 posthabitis
1213 4485 1366 4573 Stephani,
1386 4477 1432 4543 ta-
