3008 5118
359 337 567 386 nnrrnonvn
593 339 855 402 unmovrssrnm.
1115 325 1179 390 279

486 551 649 619 CAPVT
678 553 724 619 ll.

124 693 274 760 Proxima
303 718 376 762 cum
410 695 543 762 Saturni
575 697 692 781 poculo
730 696 885 761 societate
923 695 989 761 alia
1021 696 1179 782 quaedam

52 800 166 865 vascula
187 801 302 866 fictilia
321 803 536 886 continentur,
559 803 639 868 item
662 801 713 866 dei
736 802 868 868 nomine
887 801 996 868 Latini
1020 805 1179 870 subiecto·

50 929 98 989 que
122 906 323 974 POOOLOM
352 907 511 972 vocabulo
539 908 702 992 inscripta
753 907 956 992 Quamquam
985 908 1047 975 hoc
1080 910 1179 976 inter-

49 1013 126 1096 cedit,
147 1014 232 1098 quod
258 1015 342 1078 ollae
365 1019 498 1079 ansatae
522 1011 693 1098 (scyphum
708 1012 900 1078 Gerruccins
919 1015 1014 1102 dixit)
1038 1017 1178 1101 speeiem

48 1120 132 1186 habet
150 1120 302 1205 poculum
315 1119 460 1204 Saturni,
483 1120 568 1204 quod
591 1119 697 1204 ipsum
720 1121 817 1184 facile
841 1121 1003 1206 quispiam
1024 1124 1180 1208 antiquis·

48 1228 148 1292 simum
171 1228 318 1294 omnium
342 1228 468 1310 dixerit,
491 1231 600 1292 cetera
623 1233 700 1292 sunt
723 1233 863 1312 paterae.
905 1229 985 1295 Eius
1010 1231 1137 1314 generis
1162 1253 1179 1296 e

47 1335 127 1398 terris
159 1333 265 1400 adhuc
297 1332 487 1424 prodierunt
519 1355 575 1398 sex
608 1333 767 1418 exempla,
803 1335 985 1418 composita
1013 1358 1116 1421 nuper
1145 1339 1178 1403 in

47 1438 75 1503 0.
92 1439 179 1506 lahni
203 1441 244 1504 de
268 1441 350 1504 cista
368 1437 514 1504 Ficoron.
534 1461 650 1504 comm.
673 1463 704 1524 p.
722 1439 775 1505 55.
807 1439 949 1524 Reperta
968 1447 1179 1526 enatantem,

46 1545 77 1608 de
97 1568 226 1632 qnorum
253 1546 378 1632 origine
400 1547 537 1628 constat,
561 1545 595 1608 iu
609 1544 760 1608 Etruriae
780 1545 897 1610 finibus
912 1545 1042 1612 Latium
1067 1571 1178 1614 versus

47 1655 154 1719 omnia:
178 1657 214 1718 nt
237 1652 379 1718 indidem
400 1651 553 1716 credibile
573 1651 616 1714 sit
634 1651 732 1714 etiam
748 1647 879 1714 Saturni
900 1653 1052 1733 poculum
1071 1655 1178 1720 oriun-

46 1757 108 1821 dum
130 1781 206 1824 esse.
240 1759 311 1824 Nec
333 1759 450 1822 mirum
475 1756 610 1821 Latinos
635 1756 710 1821 deos
735 1779 754 1820 a
777 1755 901 1820 Latmia
925 1755 1111 1824 hominibus
1136 1763 1177 1826 ab

46 1865 83 1928 eis
103 1867 308 1949 potissimum
331 1865 532 1948 temporibus
556 1864 662 1927 cultos
682 1884 752 1926 esse
771 1863 857 1928 inter
869 1865 1037 1950 Etruscos,
1059 1867 1176 1950 quibus

47 1969 73 2034 hi
88 1975 158 2055 post
175 1976 227 2037 tot
247 1971 355 2037 clades
375 1971 416 2034 ab
437 1993 520 2034 anno
541 1970 642 2034 ferme
658 1967 858 2034 CCCCLXll
875 1969 913 2034 ad
931 1967 1175 2038 cucctxxlv

47 2083 176 2162 acceptas
201 2080 235 2144 iu
261 2079 450 2144 societatem
470 2099 489 2140 a
508 2075 665 2141 Romanis
689 2077 808 2160 recepti
833 2079 917 2141 sunt
946 2074 992 2142 Vt
1009 2099 1075 2142 nou
1096 2080 1175 2144 mul-

47 2187 102 2246 tum
118 2184 187 2250 falli
207 2207 305 2272 posse
323 2182 474 2249 videatur
491 2183 547 2268 qni
565 2205 722 2248 annornm
737 2180 981 2248 OOCOLXXIV
998 2189 1031 2248 et
1049 2185 1177 2250 circiter

46 2287 121 2356 DXX
139 2292 287 2358 terminis
306 2290 437 2356 illorum
457 2290 689 2356 confectionem
710 2290 915 2354 vasculorum
935 2291 1079 2356 omnium
1101 2313 1177 2356 con·

46 2396 147 2464 cludat.
191 2399 281 2466 Nam
303 2398 392 2463 ultra
413 2397 474 2462 hos
497 2397 577 2461 fines
604 2417 669 2461 uon
700 2396 831 2461 durasse
859 2397 1025 2462 nominum
1054 2397 1176 2464 formas

46 2501 71 2564 in
91 2501 136 2568 OS
159 2511 192 2571 et
217 2503 280 2572 OM
303 2507 471 2588 exeuntes,
498 2504 578 2568 satis
606 2525 709 2588 nuper
732 2503 982 2568 communivisse
1006 2525 1044 2567 ea
1066 2503 1177 2588 dispu-

46 2609 152 2675 tatione
185 2611 301 2678 videor
332 2634 428 2697 quam
461 2609 500 2674 de
529 2610 644 2694 elogiis
673 2609 859 2694 Scipionum
894 2609 1048 2692 scriptam
1081 2611 1175 2676 initio

47 2717 203 2784 voluminis
232 2717 279 2782 IX
312 2719 416 2783 Musei
448 2717 551 2783 nostri
584 2716 774 2802 philologici
808 2718 920 2799 [supra
947 2738 977 2798 p.
1000 2715 1066 2780 213
1091 2721 1174 2802 sqq]

47 2825 131 2902 posui.
174 2824 243 2890 Vbi
268 2824 440 2910 quodiam
465 2823 626 2908 principio
654 2824 736 2888 sexti
765 2823 884 2887 saeculi
908 2821 1041 2886 desiisse
1066 2845 1176 2888 earum

47 2949 124 2994 usum
145 2933 327 2998 formarum
349 2931 480 3016 negavi,
504 2953 542 2995 eo
565 2929 683 2994 rectius
706 2929 766 2994 leci
788 2951 852 3013 quo
871 2927 1088 2994 commodiore
1108 2930 1175 2994 eins

48 3037 83 3098 rei
107 3045 297 3124 argumento
325 3037 371 3102 uti
399 3041 569 3121 potueram
598 3057 636 3100 ex
657 3036 875 3120 ‘inscriptione
907 3039 1034 3100 statuae
1063 3057 1175 3100 aereae

47 3138 134 3210 llusei
155 3143 399 3230 Kircheriani*)
424 3143 536 3228 petito,
566 3165 648 3228 quae
667 3142 746 3208 haec
769 3147 831 3207 est:
860 3139 1175 3219 CPOMPONIQVI·

49 3245 196 3338 lllOPOS,
220 3251 266 3318 sic
281 3255 318 3316 nt
330 3254 467 3336 apparet
481 3249 704 3334 dispescenda:
728 3245 1174 3325 0·POMPON1·QV1R1na·
1238 3279 1242 3288 ·

49 3351 152 3423 OPOS:
174 3360 209 3422 in
233 3379 298 3442 qna
319 3358 457 3442 legenda
476 3355 675 3424 multimodis
695 3355 774 3420 olim
793 3361 936 3420 erratum
954 3359 1012 3421 est.
1044 3355 1175 3440 Deque

50 3462 116 3542 quod
137 3465 280 3530 iudicare
308 3464 507 3530 confidenter
533 3484 681 3547 possum,
708 3463 865 3548 singulari
894 3461 1213 3527 beneficiolum-12

50 3568 212 3636 rendissimi
231 3569 337 3634 Patris
352 3568 455 3634 Marci
474 3569 622 3634 effectum
643 3573 705 3650 est,
729 3568 818 3632 cuins
839 3567 1027 3632 liberalitati
1048 3589 1174 3632 summa

51 3691 107 3739 cum
128 3699 201 3744 cura
224 3677 419 3742 delineatum
448 3675 628 3760 exemplum
657 3675 767 3740 debeo.
811 3675 894 3739 Eam
924 3674 1025 3759 igitur
1049 3675 1173 3758 epigra-

51 3777 118 3859 phen
145 3785 200 3870 qui
229 3789 313 3848 teste
340 3783 454 3849 Iahnio
483 3804 513 3867 p.
532 3783 573 3846 61
595 3803 641 3866 sq.
669 3782 793 3864 primus
826 3786 912 3846 recte
943 3779 1173 3864 interpretatus

51 3891 89 3949 est
107 3889 260 3957 Henricus
279 3889 444 3956 Brunnius
472 3911 576 3971 mens,
604 3888 717 3954 subtili
746 3887 920 3971 eademque
947 3887 1174 3970 percommode

52 3991 257 4062 observatione
286 3998 412 4062 monuit
436 3995 483 4060 de
513 3995 649 4073 Quirina
677 3995 764 4060 tribu
791 4015 878 4058 anno
909 3993 1038 4058 demum
1061 3991 1172 4057 DXIII

51 4095 127 4167 fecta.
171 4083 263 4170 Vnde
299 4104 375 4169 lruic
412 4103 475 4188 ipsi
512 4103 652 4187 tempori
688 4101 890 4186 aliquantum
928 4099 1027 4164 etiam
1064 4121 1172 4184 supcr-

54 4208 142 4276 stitem
171 4213 271 4278 fnisse
302 4209 410 4277 OPOS
443 4232 501 4296 pro
535 4208 644 4274 OPVS
682 4209 874 4292 scripturam
907 4229 979 4272 cum
1012 4205 1172 4272 similibus

55 4359 240 4375 “““““·----··

124 4438 247 4512 ⁸)[Vide
265 4457 339 4495 nunc
357 4437 386 4494 P.
407 4437 436 4492 l..
456 4437 493 4494 lli.
512 4439 543 4494 s.
563 4439 620 4494 uu.
641 4435 706 4504 1133
733 4435 986 4492 O.1.1..1n.s·.›.
1025 4435 1053 4492 U.
1071 4435 1126 4508 W.]
