3040 5122
381 375 569 426 ultanum
595 375 846 424 Poslthtsuvu.
1127 357 1186 424 121

72 519 215 605 scripsisse
243 519 303 586 Ceti
328 541 417 604 strepa
444 521 527 586 nude
556 521 679 604 inposui
706 521 872 604 plupancns
900 521 933 584 in
960 520 1041 585 cinna
1063 517 1094 584 N
1097 517 1216 584 oniusr

72 631 187 692 antur
203 649 233 711 p.
255 627 330 694 496.
376 625 463 694 Nam
491 627 530 693 ds
554 627 652 694 Accio
681 626 780 692 dubia
808 649 858 692 res
882 631 946 709 est,
969 627 1113 708 adposuit
1134 625 1191 690 ille

69 755 99 797 ιιι
125 735 254 798 iusim
285 733 452 820 scripserit
483 735 517 800 in
545 734 634 800 Ionis
669 755 762 799 versu
795 733 881 818 apud
914 733 1114 799 Priscianum
1144 731 1191 798 VI

68 863 89 924 p.
107 841 173 923 685,
196 845 232 906 ut
255 861 293 906 ex
312 839 444 908 Ottonis
464 841 634 908 Ribbeekii
658 841 721 908 mei
741 839 997 926 locupletissimo
1016 839 1191 926 eodemque

67 947 249 1014 castissimo
274 951 433 1034 apparatu
456 949 562 1015 didici.

137 1053 248 1120 Paullo
272 1055 378 1140 magis
402 1055 591 1140 ambiguum
615 1054 654 1120 dc
678 1055 774 1120 tertio
793 1053 947 1120 iudicium
966 1059 1026 1138 est,
1048 1055 1132 1141 quod
1151 1055 1191 1120 ed

67 1160 109 1225 ΑΡ
130 1159 403 1246 praepositionem
431 1167 568 1246 spectat.
613 1161 718 1238 Quam
742 1161 880 1229 formem
903 1183 1006 1247 paene
1029 1163 1193 1228 oblivione

64 1268 194 1334 obrutam
218 1267 350 1354 egregio
369 1269 517 1336 acumine
537 1268 717 1334 Guilelmus
735 1268 914 1336 Freundius
934 1269 1139 1336 resuscitavit
1157 1269 1190 1334 in

64 1374 178 1440 scholiis
207 1374 311 1442 lexico
339 1397 398 1442 suo
428 1377 615 1462 praemissis
640 1399 670 1462 p.
693 1375 802 1442 LVIII
826 1399 895 1462 sqq.
940 1376 1007 1442 Vbi
1031 1399 1050 1442 a
1073 1375 1190 1442 Prisci-

64 1483 105 1546 ani
125 1483 315 1566 planissimo
343 1483 530 1550 testimonio
558 1483 724 1569 proiectus
753 1482 769 1548 I
797 1507 827 1570 p.
851 1485 907 1549 56:
934 1483 1062 1548 babebat
1087 1489 1191 1548 accunt

63 1588 120 1656 laec
139 1591 173 1656 F
192 1591 295 1656 littera
316 1589 398 1656 liena
418 1609 529 1656 ιοιιιιιιι
556 1611 645 1674 pion
667 1611 751 1656 nanc
772 1589 860 1656 iubet
890 1591 919 1654 V
938 1591 1000 1656 loeo
1023 1611 1189 1656 ιοιιιοιιαιι-

63 1699 94 1761 tis
107 1699 221 1782 posim,
246 1699 327 1763 uncle
348 1697 472 1780 antiqui
493 1697 540 1778 as
563 1719 623 1780 pro
649 1697 694 1762 ab
719 1697 846 1762 sambae
873 1697 1021 1762 sobboni:
1043 1699 1097 1762 sed
1116 1699 1192 1780 qnia

64 1825 112 1869 ιιι
127 1809 225 1888 petest
244 1825 324 1888 ιιαιι,
347 1806 382 1870 id
402 1810 446 1870 est
468 1807 640 1888 dipamnsa,
663 1806 698 1870 in
719 1805 782 1888 fine
802 1805 939 1888 syllabae
958 1806 1101 1888 immin,
1125 1805 1201 1878 idea

63 1919 164 1978 enatato
194 1917 240 1978 est
270 1913 305 1978 in
335 1911 362 1990 b,
390 1910 452 1978 hoe
481 1910 560 1978 duee
593 1911 772 1977 rectissime
802 1934 879 1977 usus
912 1917 962 1976 est
994 1908 1035 1976 ad
1068 1913 1190 1976 certam

62 2017 304 2085 emendationem
341 2038 413 2084 cum
446 2016 531 2082 Velii
564 2017 669 2104 Longi
704 2017 811 2084 verbis
849 2017 1084 2084 admovendam
1120 2019 1190 2082 tum

62 2124 213 2191 Iulianae
245 2124 279 2188 in
307 2121 444 2188 Oratore
476 2125 518 2190 47
549 2127 568 2206 ᾖ
599 2124 661 2190 158
694 2123 916 2209 disputationi.
962 2125 1105 2202 Quorum
1138 2123 1190 2190 hic

63 2254 113 2296 nna
133 2232 237 2318 inquit
253 2233 440 2314 praepositio
463 2237 507 2298 est
528 2231 575 2312 os
591 2229 761 2318 (vulgatur
782 2231 840 2318 ab)
859 2253 1052 2316 sapiensne
1070 2235 1191 2296 tantaene

63 2341 89 2404 in
106 2341 214 2423 amepti
241 2339 354 2404 uuae
375 2343 479 2404 maaet
504 2345 533 2404 ct
559 2359 598 2404 ne
623 2337 673 2402 isis
694 2339 816 2420 quidem
838 2341 991 2423 omnium,
1019 2339 1053 2404 in
1074 2338 1191 2420 reliqna

61 2467 181 2512 nonnae
211 2449 331 2510 mena
363 2451 422 2523 est·
461 2445 594 2530 Longus
624 2447 731 2510 numm
765 2467 795 2528 p.
825 2445 913 2510 2224
946 2447 992 2512 sic
1024 2445 1191 2510 Ciceronis

62 2553 145 2618 rerba
176 2553 256 2618 bene
280 2553 455 2618 emanarit:
483 2573 566 2618 nanc
587 2553 631 2618 ad
656 2551 898 2635 mamentianos
921 2559 1122 2636 transcamus,
1144 2557 1190 2616 at

62 2679 107 2740 pie
126 2661 304 2742 incipienuis
319 2659 360 2726 ab
382 2659 439 2726 illa
456 2681 551 2742 ᾳιιαιιι
569 2659 672 2726 Cicero
691 2659 726 2723 in
745 2657 874 2724 Oratore
891 2661 1062 2725 adnowait
1096 2659 1192 2724 nasia

62 2763 1192 2848 ammonicionemnanuasasnnuaesm

63 2873 177 2940 dirimire
194 2895 215 2938 o
233 2893 299 2958 me,
321 2873 429 2940 dende
446 2873 489 2938 ab
507 2873 589 2952 iiio,
610 2871 719 2936 damn
735 2869 907 2954 abstulit,
929 2873 1036 2938 Made
1054 2871 1192 2951 aufert,

63 2983 130 3060 prod
151 2999 225 3048 sane
252 2985 374 3046 ancum
401 2981 436 3044 in
462 2977 579 3046 dumus
605 2977 706 3044 uerba
733 2983 917 3060 cunrpatnm
944 2984 988 3045 set
1013 2979 1193 3060 artfertet

64 3089 199 3171 casapit.
245 3087 355 3152 adami
384 3086 433 3152 liis
454 3083 735 3168 propositionibus
765 3089 794 3148 ei
825 3085 914 3150 tuam
940 3107 1019 3170 qnae
1047 3085 1192 3152 scnbitur

61 3215 106 3272 per
130 3196 162 3260 F
181 3195 303 3260 literam
330 3191 444 3278 (vulgo
468 3194 502 3258 B
525 3189 674 3278 literam),
696 3211 791 3274 quarn
817 3191 857 3258 ab
879 3195 1017 3276 antiquis
1043 3194 1192 3258 cambium

65 3303 102 3364 ait
123 3303 252 3368 munnio
284 3302 319 3366 in
345 3299 519 3366 raanan
541 3303 570 3364 et
596 3299 630 3364 in
658 3299 771 3381 accepti
799 3299 925 3366 monim:
952 3321 1027 3366 nam
1054 3301 1192 3382 quotieas

65 3414 197 3490 amaa
223 3409 390 3492 punnimn
417 3406 599 3489 referebant,
627 3425 689 3470 non
718 3405 857 3472 sinebant
883 3429 906 3472 a
932 3407 1056 3490 Lonqo
1078 3407 1132 3472 sed
1151 3407 1198 3488 as

67 3513 171 3599 Lonpo
197 3513 251 3602 (ab
278 3514 385 3598 Lonpo
412 3511 543 3601 vulgo):
576 3515 705 3579 etdcmt
733 3513 910 3598 redipionem
935 3513 1016 3580 hanc
1042 3514 1192 3580 sonna

67 3622 136 3700 apud
160 3623 366 3706 maneamus
397 3621 580 3688 remansisse
611 3619 730 3686 soeouio
765 3641 831 3686 sno.
880 3619 960 3686 Tam
995 3620 1191 3686 laudabilem

69 3729 157 3794 subm
194 3727 476 3796 ratiocinationem
515 3727 694 3794 mirandum
732 3731 781 3792 est
817 3728 959 3794 nescisse
994 3725 1191 3792 Freundium

70 3835 194 3920 exemplo
218 3836 285 3902 ullo
308 3835 531 3920 comprobare,
559 3834 660 3898 immo
685 3853 852 3917 superesse
875 3833 1023 3919 exempla
1045 3852 1192 3917 negasse.

71 3937 152 4023 siqu
178 3941 387 4028 quinquiens,
415 3941 442 4007 si
469 3947 557 4008 recte
585 3941 765 4024 numeravi,
797 3939 854 4004 AF
882 3943 989 4006 exstat
1016 3939 1051 4005 in
1079 3961 1191 4008 monu-

71 4049 167 4113 mentis
186 4049 358 4135 scriptnm:
380 4048 521 4134 primum
536 4047 610 4114 AF·
626 4045 784 4112 VOBEIS
804 4047 837 4111 in
857 4045 915 4112 ΒΟ.
934 4045 974 4114 de
992 4047 1192 4134 Tiburtibus,
1315 4033 1322 4044 ⁸

73 4153 139 4232 quod
159 4155 262 4222 habeo
285 4178 342 4222 eur
364 4157 427 4241 ipsi
447 4155 545 4223 exitui
564 4152 684 4222 saeculi
704 4153 787 4218 sexti
806 4153 961 4238 tribuam;
985 4154 1098 4220 deiude
1118 4155 1191 4222 AF·

73 4251 177 4326 llVRO
204 4263 236 4328 in
260 4263 471 4330 Praenestina
498 4264 539 4328 ab
563 4263 715 4328 Henneno
743 4258 830 4324 edita
853 4259 956 4324 Musei
984 4259 1064 4346 phil.
1087 4265 1193 4329 nostri

74 4364 135 4428 tv
155 4389 184 4452 p.
210 4371 274 4434 464
298 4367 348 4452 [C.
371 4368 396 4434 I.
419 4369 455 4437 L.
481 4369 496 4434 I
524 4393 555 4434 u.
586 4367 684 4452 1143,
708 4365 743 4430 P.
771 4363 806 4431 Is.
830 4363 872 4432 ld.
896 4365 933 4432 Ε.
957 4367 1023 4432 tab.
1046 4367 1122 4433 LIII
1135 4371 1192 4455 AJ,

76 4488 152 4550 qnam
170 4479 241 4542 ante
260 4499 288 4542 a.
307 4478 372 4544 640
391 4477 511 4544 factam
531 4499 600 4541 esse
619 4469 787 4540 FLACVS
803 4473 907 4539 forma
925 4473 1028 4560 docet,
1050 4475 1191 4562 adeoque
