3020 5118
406 389 554 437 rrrvuvs
578 387 785 434 annuamus.
1103 367 1165 432 173

50 551 88 614 ubi
107 550 179 613 haec
201 550 374 635 ignoret.*)
398 549 498 614 (Iuius
522 549 651 634 generis
674 548 748 612 inde
771 547 813 612 ab
832 543 1069 630 antiquissimis
1087 547 1167 608 tem·

48 657 154 740 poribus
182 657 329 739 exempla
362 659 552 741 suppetunt:
584 653 764 720 DEDROT
797 657 830 718 et
857 651 1006 718 DEDRO
1032 673 1092 736 pro
1119 653 1167 715 de-

48 765 132 825 deruut
164 762 198 826 in
229 761 496 844 Pisaurensibur,
533 761 653 826 ibidem
692 759 835 826 [ΕΒΚΘ
868 782 926 843 pro
959 759 1081 841 Libera
1117 759 1167 823 cui

48 867 194 932 finitimum
217 873 268 932 est
299 869 472 934 ΙιἸΒΙΙΕΙᾹδ1
501 867 655 932 sovffls
684 869 718 932 in
742 867 871 933 Lucano
896 867 992 930 titulo
1020 865 1043 930 I.
1068 865 1105 930 lb
1128 865 1168 932 N.

46 975 95 1036 299
122 973 167 1054 [Γ.
193 973 218 1038 Ι.
250 974 285 1038 L
313 975 328 1038 I
357 999 387 1040 n.
423 976 522 1058 12583
560 974 593 1038 Ρ.
621 973 655 1038 L.
683 973 725 1038 M.
753 973 791 1038 Ε.
819 973 885 1038 tab.
915 971 989 1036 LIX
1008 973 1074 1055 F],
1109 971 1168 1036 VI-

47 1080 167 1145 CESMA
194 1082 228 1144 in
253 1081 348 1146 valde
372 1082 575 1147 memorabili
605 1081 662 1146 illa
684 1080 782 1145 uren.
809 1081 893 1144 1433
918 1079 966 1160 [ll.
990 1079 1013 1144 I.
1042 1079 1075 1144 L.
1100 1080 1114 1143 Ι
1139 1101 1169 1144 n.

48 1189 105 1268 ltig
125 1188 157 1253 P.
180 1188 213 1252 L.
237 1187 282 1254 M.
305 1189 343 1254 Ε.
367 1189 432 1254 tab.
456 1189 561 1272 1131,
582 1187 801 1253 TVRPLEIO
820 1189 854 1251 in
874 1187 1044 1252 Furiarum
1064 1188 1169 1272 sepul-

46 1315 93 1376 cro,
112 1293 256 1360 LICNIA
281 1296 322 1360 ad
350 1296 600 1362 similitudinem
622 1295 747 1360 Tuscae
779 1293 924 1360 LEONI]
954 1295 1077 1360 formae
1105 1291 1168 1380 (to-

45 1401 148 1485 tiusque
175 1403 309 1467 omnino
342 1403 475 1487 linguae
501 1401 640 1488 Tuscae)
671 1403 705 1466 in
739 1402 938 1468 columbario
972 1399 1169 1467 Somascauo

47 1505 82 1584 [C.
103 1508 124 1572 Ι.
150 1509 183 1574 L.
212 1510 228 1573 I
256 1532 289 1574 n.
318 1510 402 1593 8923
432 1507 469 1574 P.
498 1509 532 1573 L.
561 1507 603 1572 M.
636 1509 673 1573 E.
697 1509 762 1574 tab.
790 1506 851 1572 XV
874 1529 905 1573 n.
938 1509 1015 1592 l‘ll,
1047 1507 1168 1572 Foss-

45 1611 107 1678 ivs
123 1616 154 1679 in
171 1616 307 1682 denario
327 1617 434 1702 gentis
453 1615 628 1699 Pompeiae
647 1615 732 1700 apud
751 1613 944 1679 Eelrhelium
963 1614 1005 1698 II,
1024 1615 1089 1698 5p.
1105 1615 1169 1680 280

45 1717 202 1787 llicciumre
220 1745 252 1806 p.
275 1723 349 1807 179,
368 1721 446 1788 ilem
465 1721 640 1788 NVMSius
657 1720 815 1786 OFDIVS
833 1721 968 1786 nomina
986 1721 1021 1786 in
1039 1719 1063 1784 I.
1077 1719 1113 1786 B.
1129 1721 1168 1784 N.

46 1825 131 1891 titulis
159 1828 392 1894 Beneventano
426 1829 511 1894 1685
541 1829 809 1913 Amiterninoque
833 1828 921 1892 5765
950 1825 998 1908 [O.
1030 1829 1054 1893 Ι.
1087 1827 1121 1893 L.
1154 1827 1170 1892 I

45 1953 67 1994 u.
92 1935 182 2020 12873
214 1935 250 2000 P.
281 1935 317 1998 L.
344 1933 387 1999 M.
415 1935 452 1999 Ε.
481 1935 547 2000 tab.
575 1935 680 2000 XLIX
703 1937 739 2000 F
741 1938 762 2018 ].
808 1935 914 2012 Quid?
947 1935 1032 2019 quod
1060 1935 1169 2022 singu·

48 2035 187 2106 larissae
216 2041 368 2126 exemplo
396 2039 507 2106 FEGT
535 2043 690 2126 scriptum
725 2047 776 2108 est
803 2065 862 2128 pro
895 2043 969 2124 seuit
999 2043 1033 2106 in
1062 2045 1170 2108 statua

46 2139 232 2212 llircheriane
259 2151 346 2212 teste
375 2146 494 2212 Ottone
523 2147 637 2212 Iahnio
667 2149 706 2214 de
730 2149 812 2214 cista
836 2149 982 2216 Ficorou.
1007 2174 1037 2234 p.
1060 2149 1169 2236 61.··)

47 2247 115 2322 Quae
139 2257 227 2320 vetus
261 2255 462 2320 consuetudo
495 2254 649 2338 quaedam
684 2257 734 2320 sui
762 2257 903 2342 vestigia
935 2257 1032 2322 etiam
1062 2261 1169 2342 poste-

47 2355 112 2420 riore
133 2365 238 2426 aemte
260 2361 411 2445 reliquit,
440 2365 477 2426 ut
498 2359 683 2426 TABLEIS
707 2365 740 2426 et
763 2361 901 2428 IVGRA
924 2363 959 2428 iu
982 2364 1053 2449 lege
1077 2385 1169 2450 agra·

47 2461 97 2546 ria,
123 2465 233 2552 hisque
265 2489 400 2552 prorsus
433 2466 554 2532 similia
586 2469 742 2552 quaedam
775 2469 807 2534 in
840 2471 1072 2536 recentioribus
1104 2491 1169 2536 non

45 2570 119 2635 unius
144 2573 272 2640 saeculi.
320 2571 470 2639 Ceterum
499 2595 559 2639 nec
586 2576 679 2660 paria
707 2597 839 2660 prorsus
863 2598 922 2641 nec
945 2599 1076 2662 prorsus
1102 2578 1167 2643 dis·
1182 2597 1203 2638 x

47 2679 120 2756 paria
146 2685 219 2746 sunt
250 2682 288 2745 in
321 2679 380 2746 Su.
412 2680 451 2745 de
480 2679 698 2746 Baeanalibur
730 2683 839 2766 poelta
871 2681 1169 2770 saunroussvs,

47 2783 95 2848 nisi
119 2787 175 2853 hoc
201 2793 373 2873 peceatum
402 2793 452 2852 est
479 2811 499 2852 a
527 2790 703 2873 scalptore,
731 2794 764 2854 et
788 2788 1035 2854 01Nvouss11.
1081 2789 1171 2856 Haec

48 2887 128 2972 igitur
148 2917 217 2962 eum
242 2897 293 2961 lta
312 2896 387 2980 sint,
409 2895 517 2979 potuit
535 2897 634 2961 etiam
654 2895 696 2960 ab
716 2919 754 2960 ea
771 2896 877 2961 radice
897 2918 977 2980 quae
997 2899 1046 2960 est
1064 2895 1170 2962 Vltro

49 2997 118 3076 prius
151 3003 297 3086 asperior
327 2999 527 3068 VINOLOM
562 3002 669 3068 forma
712 3001 781 3066 fieri
817 3003 999 3086 pariterque
1034 3005 1171 3087 piaclum

45 3105 166 3180 periclum
183 3110 233 3173 vel
253 3107 382 3174 Hercles
400 3109 533 3192 formae,
550 3109 744 3195 eaedemque
763 3109 929 3193 aliquanto
948 3114 1025 3194 post
1042 3109 1170 3178 demum

53 3211 133 3274 ascita
157 3215 274 3298 copula
300 3214 406 3280 vocali
434 3215 558 3280 molliri
590 3216 624 3281 in
655 3217 807 3281 viaeolm
836 3217 992 3298 piacolum
1019 3219 1170 3286 Hercules.

50 3307 186 3404 Favetque
218 3320 295 3386 huic
324 3321 581 3388 vicissitudinum
614 3324 733 3388 rationi
764 3325 849 3409 quod
880 3324 954 3408 illa,
987 3349 1068 3410 quae
1096 3331 1172 3392 sunt

52 3421 160 3490 uuum
180 3429 332 3512 periclum
354 3431 479 3512 poclum
507 3451 580 3494 eum
608 3431 771 3516 cognatis,
799 3431 859 3496 hac
886 3431 1035 3497 breviore
1065 3434 1171 3498 forma

53 3527 147 3595 usitata
167 3539 241 3600 sunt
265 3534 351 3620 apud
370 3541 493 3601 veteres
517 3541 631 3620 poetas
653 3537 761 3622 ipsum
781 3539 867 3603 ritae
891 3561 985 3604 usum
1005 3545 1171 3604 servantes

54 3637 80 3695 ut
96 3635 250 3726 Plautum,
274 3642 321 3707 ite
344 3641 474 3726 quidem
497 3648 534 3708 ut
555 3649 684 3728 praeter
706 3667 854 3710 normam
877 3650 1004 3710 tantum
1028 3667 1085 3711 nee
1108 3647 1172 3712 nisi

54 3743 129 3808 esuis
149 3749 390 3815 condicionibus
413 3749 578 3816 molliores
598 3751 721 3816 formae
740 3751 998 3818 admitterentur.
1040 3751 1171 3835 Eaeque

25 3927 28 3934 1
55 3849 191 3920 molliores
212 3857 337 3922 formae
365 3856 400 3921 in
424 3857 497 3922 aliis
522 3862 712 3924 manserunt
734 3881 876 3942 semper,
899 3859 947 3923 lta
969 3862 1007 3922 ut
1028 3857 1069 3922 ad
1093 3858 1173 3922 anti·

57 3955 128 4033 quius
149 3979 245 4045 genus
270 3963 398 4048 poetica
420 3967 548 4028 tanturn
571 3965 704 4030 licentia
728 3966 866 4050 quedam
890 3963 1062 4048 rediretur,
1086 3963 1174 4028 velut

86 4089 117 4098 ..-

89 4153 147 4291 Μ’)
167 4155 218 4226 [CI.
247 4155 369 4212 ‘Priscae
401 4156 480 4212 latia.
513 4155 601 4228 epigr.
629 4159 766 4230 supplem.
800 4157 825 4212 II
853 4156 937 4227 (iufra
963 4175 990 4212 u.
1019 4155 1117 4227 XVIII,
1147 4159 1173 4227 2)

73 4276 77 4285 .
131 4259 142 4294 Ι
163 4284 167 4297 Ι
225 4289 231 4302 ·
289 4291 294 4301 Ι

18 4361 19 4364 ’
59 4247 71 4298 p
111 4245 227 4402 ”lqffidd
249 4245 396 4389 dllblusei
421 4335 508 4392 Rhea.
534 4335 599 4390 XIV
622 4355 649 4406 p.
668 4341 733 4404 883,
757 4335 820 4389 XVI
843 4353 870 4404 p.
890 4341 942 4390 609
961 4335 1044 4404 (inira
1062 4355 1088 4393 n.
1108 4335 1174 4390 XIV

61 4409 184 4570 lldlmc'
203 4423 287 4478 enam
305 4423 395 4479 Musei
412 4423 501 4480 Rhea.
521 4423 598 4480 xv11
616 4444 642 4495 p.
670 4431 719 4479 ιιι
740 4423 822 4492 (iufra
845 4423 881 4480 sd
901 4443 926 4478 n.
947 4425 1024 4479 xvn
1043 4426 1061 4480 1.
1086 4425 1103 4482 ι.
1124 4425 1171 4480 ad-

69 4512 92 4549 se
128 4547 133 4558 ,
186 4511 264 4584 .W.]
