3040 5122
327 345 393 409 146
611 362 828 410 MONVMEN'I'A
853 363 1091 410 urlassarnlcn
1114 363 1206 410 TRIA-

327 506 381 570 secl
402 507 534 569 irradiare
558 505 651 590 (haec
676 506 875 591 inserenda):
908 528 986 587 arrae
1012 527 1075 572 rroa
1101 507 1248 588 qrroaiam
1277 505 1373 570 ordini
1393 505 1451 570 lille·

328 632 438 674 rarrua
464 618 641 676 arisb'arraa
669 614 748 678 deest
774 619 802 678 cl
823 613 1017 693 familiarior
1044 613 1174 677 auribus
1197 615 1314 678 nostris
1334 636 1354 677 u
1370 614 1453 694 plius

328 739 422 798 qaam
445 739 467 803 g
494 725 548 804 est,
581 740 714 801 auceps
856 721 985 785 scribite.
1031 719 1069 782 In
1099 720 1215 803 quibus
1245 719 1366 784 correxi
1392 741 1454 802 quac

330 846 399 889 esse
424 825 617 910 corrigenda
641 849 693 890 res
717 827 788 910 ipsa
812 827 976 891 clamaret.

417 931 578 997 Effectum
603 937 653 997 est
677 937 713 996 ut
736 933 937 1017 quadruplici
959 933 1147 998 testimonio
1171 933 1212 998 ad
1233 955 1332 998 unurn
1348 932 1456 996 Accium

331 1039 598 1122 geminandarum
627 1041 788 1105 vocalium
817 1041 1014 1104 cousuetudo
1042 1041 1230 1124 referretur,
1259 1041 1458 1124 seiungcrclur

332 1146 372 1209 ab
399 1147 489 1210 Accii
514 1147 668 1211 societate
692 1147 776 1211 Livii
801 1146 980 1231 Naeviique
1006 1147 1170 1212 memoria.
1207 1146 1332 1223 Quibus
1356 1145 1458 1230 quod:
1510 1163 1511 1170 ¹

333 1256 365 1316 et
387 1274 407 1333 p
430 1253 614 1317 lilterarum
638 1255 757 1337 aliquis
782 1278 857 1319 usus
887 1255 1040 1320 correctis
1070 1241 1163 1319 anre
1187 1253 1348 1318 Victorini
1374 1251 1456 1316 verbis

332 1359 501 1440 tribuitur,
534 1383 599 1425 nou
626 1361 731 1426 habeo
757 1361 884 1444 quidem
909 1385 972 1446 quo
1004 1362 1035 1426 id
1060 1362 1154 1446 quale
1176 1360 1278 1425 fuerit
1301 1360 1457 1424 accuratius

332 1465 497 1548 definiam,
525 1466 581 1528 sed
603 1470 713 1532 tamen
738 1467 800 1532 fide
824 1491 890 1534 303
914 1470 1097 1534 necessario
1127 1491 1196 1532 esse
1221 1468 1407 1532 destitutum
1426 1453 1457 1527 iu·
1506 1505 1507 1508 =

332 1573 461 1657 tellcgo.
508 1571 625 1648 Quidni
655 1572 739 1637 cuim
768 1575 933 1657 potuerint
962 1575 1025 1659 illi,
1058 1575 1143 1659 quod
1175 1573 1291 1637 saltem
1325 1596 1363 1636 ex
1390 1579 1458 1656 punc

332 1680 397 1743 iarn
420 1687 495 1744 autc
519 1702 573 1743 eos
598 1679 718 1744 factum
743 1702 813 1744 csse
838 1685 889 1744 sat
913 1685 1001 1745 certo
1026 1681 1176 1744 constet?
1208 1679 1335 1764 quando
1358 1679 1458 1743 elilte

332 1809 402 1850 ram
427 1787 514 1850 etin
540 1787 776 1871 antiquissimis
799 1788 901 1853 fuisse
926 1789 1035 1852 latinis
1064 1792 1187 1851 certum
1216 1791 1266 1852 est
1294 1790 1326 1850 ct
1349 1785 1457 1851 cnidon

333 1895 365 1956 in
395 1893 534 1957 carmine
564 1891 681 1970 Saliari
706 1893 820 1958 Velius
843 1895 976 1979 Longus
1004 1918 1034 1978 p.
1054 1896 1139 1959 221?
1169 1895 1251 1979 legit
1282 1897 1315 1957 et
1343 1892 1457 1958 indidem

334 1998 439 2064 Varro
458 2001 496 2063 dc
516 2001 537 2064 l.
555 2001 610 2066 lat.
626 2001 705 2084 VII,
720 2003 762 2066 26
781 2002 933 2085 protulit:
958 2003 1061 2086 quode
1081 2002 1154 2066 aliis
1174 2002 1326 2066 subtilius
1347 2000 1458 2065 60333-
1502 2012 1504 2021 ’

335 2129 429 2170 30333
453 2109 602 2191 exposuit
626 2109 664 2172 de
684 2109 757 2174 dial.
777 2109 850 2174 Ital.
870 2110 925 2173 inf.
945 2133 975 2193 p.
991 2110 1043 2173 33.
1059 2111 1132 2174 216.
1165 2109 1278 2193 Itaque
1298 2110 1360 2174 etsi
1374 2107 1458 2172 Sellas

295 2235 319 2272 re
335 2211 399 2298 (vel
423 2216 530 2298 potius
556 2213 704 2298 SETVS,
733 2221 770 2281 ut
799 2219 904 2281 estin
929 2217 1047 2281 saeculi
1078 2217 1207 2300 septimi
1231 2217 1426 2280 Amiternina
1444 2210 1458 2273 l.

334 2320 372 2384 Il.
391 2321 431 2386 N.
455 2323 542 2387 5825
567 2321 614 2402 [0.
634 2322 659 2387 Ι.
678 2322 712 2388 L.
737 2323 752 2386 I
776 2346 806 2388 n.
824 2322 951 2407 laam),
976 2347 1042 2388 non
1058 2323 1172 2388 thleas
1195 2324 1364 2408 scripsisse
1382 2323 1457 2388 Pacu·

335 2429 422 2493 vium
441 2429 655 2513 probabiliter
669 2429 895 2494 Fleckeisenus
916 2431 1054 2494 coniecit
1073 2430 1105 2494 iu
1123 2425 1457 2513 epistula-I‘lautinasl

336 2557 386 2598 me
410 2535 486 2598 (lata
510 2559 539 2618 p.
561 2534 655 2618 XIII,
682 2557 791 2600 sonam
815 2541 923 2601 autern
946 2559 1005 2618 pro
1028 2557 1137 2601 raaam
1161 2538 1313 2602 Plautum
1339 2537 1457 2622 posuisse

335 2640 396 2724 ipsi
421 2642 546 2707 codices
571 2642 667 2706 fidem
690 2644 828 2726 faciunt,
852 2649 960 2708 tamen
984 2666 1040 2708 eur
1063 2646 1246 2709 necessario
1270 2645 1311 2709 ab
1331 2667 1368 2710 co
1386 2650 1456 2727 pocla

335 2749 422 2812 illius
446 2748 575 2813 litterae
599 2771 677 2812 usus
703 2750 808 2813 omnis
833 2750 1047 2834 abiudicetur‚
1076 2773 1142 2815 303
1165 2751 1257 2815 video
1283 2754 1361 2816 satis
1383 2750 1457 2815 ratio

334 2855 385 2919 nis
405 2879 489 2919 esse:
510 2879 610 2941 caque
625 2879 739 2921 caussa
755 2856 816 2921 fuit
836 2880 890 2921 cur
905 2857 986 2921 Mus.
1002 2858 1079 2940 phil.
1091 2857 1152 2920 VII
1173 2881 1203 2941 p.
1216 2859 1280 2922 566
1297 2861 1353 2939 [=
1367 2858 1457 2940 Opust.

335 2963 367 3027 II
396 2987 424 3046 p.
445 2965 523 3045 529]
558 2964 707 3029 dubitare
741 2987 791 3028 ure
825 2965 1055 3048 significarem,
1086 2987 1162 3028 imm
1197 2966 1278 3030 satis
1311 2965 1459 3049 prudentor

336 3076 465 3153 practer
490 3072 589 3135 libros
614 3093 724 3135 ornnes
749 3073 913 3152 lrapcssila
936 3071 1053 3136 Plauto
1078 3094 1137 3154 pro
1161 3075 1311 3153 trapezeta
1333 3069 1457 3136 obtrude·

336 3182 434 3240 retur.
482 3177 592 3261 Longe
616 3201 692 3242 saue
722 3179 793 3262 plus
822 3179 1033 3242 dubitationis
1061 3178 1229 3243 fatendum
1253 3176 1458 3260 03001006-

336 3287 407 3346 tera
431 3305 500 3346 esse
524 3307 543 3347 a
567 3284 659 3349 Livio
684 3285 870 3369 Naevioquc
899 3285 964 3348 iam
992 3289 1156 3368 usurpata.
1202 3283 1240 3348 lu
1264 3284 1353 3349 cuins
1375 3285 1457 3347 locun

337 3391 534 3454 substitutae
557 3413 579 3454 a
603 3393 723 3457 vocalis
748 3415 841 3455 usum
866 3394 898 3456 et
916 3392 1059 3474 puniisse
1079 3391 1236 3454 latissime
1256 3397 1289 3455 ct
1307 3393 1358 3456 diu
1376 3391 1457 3454 solun

338 3498 518 3562 obtinuisse
548 3520 620 3561 cum
644 3497 867 3562 Plautiuorum
896 3500 1115 3582 exemplorum
1144 3497 1343 3581 quorundam
1372 3498 1458 3575 singu-

337 3607 416 3670 laris
447 3606 592 3671 condicio
622 3606 699 3670 lacit
728 3610 763 3670 ut
790 3607 883 3669 facilc
914 3605 1094 3688 credamus,
1127 3610 1195 3669 tum
1229 3605 1327 3670 etiam
1359 3602 1458 3667 lirniu-

337 3717 620 3779 monumentorum
644 3734 681 3776 co
705 3712 738 3775 in
763 3734 878 3796 genere
902 3714 1085 3777 constantia
1109 3712 1291 3795 persuadet.
1334 3709 1457 3775 Plautina

337 3823 419 3885 talia
442 3821 514 3885 dico
539 3819 649 3903 qualia
671 3818 772 3882 habes
797 3818 992 3883 llacchiuum
1018 3821 1129 3884 3129
1154 3822 1187 3882 et
1210 3819 1289 3882 362:

458 3953 533 4019 Nou
557 3955 661 4018 omnis
686 3956 790 4036 actae,
813 3952 914 4037 Lyde,
938 3954 1013 4018 ludo
1038 3953 1199 4018 comrenit.

458 4062 630 4144 Facictquc
654 4062 816 4145 extemplo
841 4062 1033 4126 crucisalum
1058 4083 1107 4125 mc
1132 4083 1169 4124 ex
1194 4059 1359 4143 Chrysalo:

340 4194 395 4257 ubi
419 4194 482 4257 nisi
502 4194 589 4257 Lralc
612 4200 644 4258 ct
661 4195 790 4258 Crasalo
814 4195 1056 4278 pronuntiatum
1081 4193 1260 4279 putaveris,
1283 4194 1380 4277 ipsum
1401 4207 1454 4251 303·
1510 4261 1511 4286 ἶ

341 4323 414 4364 men
430 4302 608 4364 sententiae
623 4301 797 4386 perior·it.*)
821 4301 858 4365 ln
875 4302 1091 4364 monumentis
1107 4305 1214 4364 autem
1230 4323 1295 4366 nou
1308 4290 1453 4364 altillo*

341 4428 456 4435 -—--—
475 4427 549 4435 ...-

429 4477 453 4544 *)
474 4475 595 4530 Habebit
618 4477 703 4545 igitur
727 4493 782 4544 quo
804 4495 832 4530 sc
856 4481 981 4544 tueatur,
1005 4477 1054 4544 qui
1072 4493 1107 4530 cx
1125 4476 1263 4532 Plautinis
1283 4476 1377 4538 fabulis
1392 4489 1408 4541 y
1422 4469 1452 4521 lll·
