<?xml version="1.0" encoding="UTF-8"?>
<!DOCTYPE html PUBLIC "-//W3C//DTD XHTML 1.0 Transitional//EN"
    "http://www.w3.org/TR/xhtml1/DTD/xhtml1-transitional.dtd">
<html xmlns="http://www.w3.org/1999/xhtml" xml:lang="en" lang="en">
 <head>
  <title>
</title>
<meta http-equiv="Content-Type" content="text/html;charset=utf-8" />
  <meta name='ocr-system' content='tesseract 3.04.00' />
  <meta name='ocr-capabilities' content='ocr_page ocr_carea ocr_par ocr_line ocrx_word'/>
</head>
<body>
  <div class='ocr_page' id='page_1' title='image "./fridericiritsch03ritsgoog_0475.png"; bbox 0 0 2984 5122; ppageno 0'>
   <div class='ocr_carea' id='block_1_1' title="bbox 263 350 1276 422">
    <p class='ocr_par' dir='ltr' id='par_1_1' title="bbox 263 350 1276 422">
     <span class='ocr_line' id='line_1_1' title="bbox 263 350 1276 422; baseline -0.005 -8"><span class='ocrx_word' id='word_1_1' title='bbox 263 415 265 422; x_wconf 70' lang='grc'>,</span> <span class='ocrx_word' id='word_1_2' title='bbox 296 350 361 414; x_wconf 79' lang='grc'>438</span> <span class='ocrx_word' id='word_1_3' title='bbox 458 367 494 412; x_wconf 89' lang='lat' dir='ltr'>IN</span> <span class='ocrx_word' id='word_1_4' title='bbox 518 365 630 412; x_wconf 80' lang='lat' dir='ltr'>LEGES</span> <span class='ocrx_word' id='word_1_5' title='bbox 655 365 842 412; x_wconf 80' lang='lat' dir='ltr'>VISELLIAM</span> <span class='ocrx_word' id='word_1_6' title='bbox 867 365 1051 412; x_wconf 79' lang='lat' dir='ltr'>ANTONIAM</span> <span class='ocrx_word' id='word_1_7' title='bbox 1076 363 1276 411; x_wconf 74' lang='lat' dir='ltr'>cossnnnlnn</span> 
     </span>
    </p>
   </div>
   <div class='ocr_carea' id='block_1_2' title="bbox 251 506 1481 2515">
    <p class='ocr_par' dir='ltr' id='par_1_2' title="bbox 251 506 1481 2515">
     <span class='ocr_line' id='line_1_2' title="bbox 297 506 1403 592; baseline -0.002 -20"><span class='ocrx_word' id='word_1_8' title='bbox 297 511 417 573; x_wconf 88' lang='lat' dir='ltr'>latores</span> <span class='ocrx_word' id='word_1_9' title='bbox 447 510 528 592; x_wconf 85' lang='lat' dir='ltr'>legis</span> <span class='ocrx_word' id='word_1_10' title='bbox 558 509 712 592; x_wconf 87' lang='lat' dir='ltr'>cuiusque</span> <span class='ocrx_word' id='word_1_11' title='bbox 735 508 926 573; x_wconf 80' lang='lat' dir='ltr'>tribuniciae</span> <span class='ocrx_word' id='word_1_12' title='bbox 954 507 1053 571; x_wconf 87' lang='lat' dir='ltr'>fuisse</span> <span class='ocrx_word' id='word_1_13' title='bbox 1077 507 1266 571; x_wconf 81' lang='lat' dir='ltr'>creduntur?</span> <span class='ocrx_word' id='word_1_14' title='bbox 1305 506 1403 590; x_wconf 77' lang='lat' dir='ltr'>Nequa-</span> 
     </span>
     <span class='ocr_line' id='line_1_3' title="bbox 298 613 1405 700; baseline -0.003 -21"><span class='ocrx_word' id='word_1_15' title='bbox 298 638 394 699; x_wconf 84' lang='lat' dir='ltr'><strong>quam</strong></span> <span class='ocrx_word' id='word_1_16' title='bbox 427 637 485 679; x_wconf 89' lang='lat' dir='ltr'>nos</span> <span class='ocrx_word' id='word_1_17' title='bbox 519 615 603 700; x_wconf 86' lang='lat' dir='ltr'>fugit</span> <span class='ocrx_word' id='word_1_18' title='bbox 635 615 830 680; x_wconf 89' lang='lat' dir='ltr'>contrariam</span> <span class='ocrx_word' id='word_1_19' title='bbox 857 615 1016 678; x_wconf 89' lang='lat' dir='ltr'>rationem</span> <span class='ocrx_word' id='word_1_20' title='bbox 1044 635 1110 678; x_wconf 93' lang='lat' dir='ltr'>non</span> <span class='ocrx_word' id='word_1_21' title='bbox 1138 614 1219 678; x_wconf 86' lang='lat' dir='ltr'>satis</span> <span class='ocrx_word' id='word_1_22' title='bbox 1245 613 1359 697; x_wconf 87' lang='lat' dir='ltr'>probari</span> <span class='ocrx_word' id='word_1_23' title='bbox 1379 636 1405 676; x_wconf 87' lang='lat' dir='ltr'>eo</span> 
     </span>
     <span class='ocr_line' id='line_1_4' title="bbox 298 720 1406 808; baseline -0.003 -22"><span class='ocrx_word' id='word_1_24' title='bbox 298 722 382 806; x_wconf 90' lang='lat' dir='ltr'>quod</span> <span class='ocrx_word' id='word_1_25' title='bbox 406 724 686 808; x_wconf 81' lang='lat' dir='ltr'>promulgaturum</span> <span class='ocrx_word' id='word_1_26' title='bbox 711 722 839 806; x_wconf 88' lang='lat' dir='ltr'>quidem</span> <span class='ocrx_word' id='word_1_27' title='bbox 869 744 888 786; x_wconf 88' lang='lat' dir='ltr'>a</span> <span class='ocrx_word' id='word_1_28' title='bbox 911 721 1058 806; x_wconf 89' lang='lat' dir='ltr'>pluribus</span> <span class='ocrx_word' id='word_1_29' title='bbox 1082 721 1192 805; x_wconf 88' lang='lat' dir='ltr'>legum</span> <span class='ocrx_word' id='word_1_30' title='bbox 1215 720 1336 784; x_wconf 85' lang='lat' dir='ltr'>minime</span> <span class='ocrx_word' id='word_1_31' title='bbox 1355 743 1406 783; x_wconf 86' lang='lat' dir='ltr'>ran</span> 
     </span>
     <span class='ocr_line' id='line_1_5' title="bbox 298 825 1481 912; baseline -0.003 -20"><span class='ocrx_word' id='word_1_32' title='bbox 298 830 419 893; x_wconf 88' lang='lat' dir='ltr'>mentio</span> <span class='ocrx_word' id='word_1_33' title='bbox 440 835 502 893; x_wconf 92' lang='lat' dir='ltr'>est:</span> <span class='ocrx_word' id='word_1_34' title='bbox 527 830 655 894; x_wconf 84' lang='lat' dir='ltr'>velata</span> <span class='ocrx_word' id='word_1_35' title='bbox 673 851 789 892; x_wconf 91' lang='lat' dir='ltr'>novem</span> <span class='ocrx_word' id='word_1_36' title='bbox 808 828 948 893; x_wconf 87' lang='lat' dir='ltr'>tribunis</span> <span class='ocrx_word' id='word_1_37' title='bbox 967 828 1195 912; x_wconf 76' lang='lat' dir='ltr'><strong>promulgatae</strong></span> <span class='ocrx_word' id='word_1_38' title='bbox 1219 827 1298 910; x_wconf 88' lang='lat' dir='ltr'>apud</span> <span class='ocrx_word' id='word_1_39' title='bbox 1311 825 1407 889; x_wconf 85' lang='lat' dir='ltr'>Liviun</span> <span class='ocrx_word' id='word_1_40' title='bbox 1477 846 1481 873; x_wconf 83' lang='lat'><strong>¹</strong></span> 
     </span>
     <span class='ocr_line' id='line_1_6' title="bbox 297 933 1481 1021; baseline -0.005 -21"><span class='ocrx_word' id='word_1_41' title='bbox 297 936 354 1021; x_wconf 85' lang='lat' dir='ltr'>IV,</span> <span class='ocrx_word' id='word_1_42' title='bbox 373 938 399 1020; x_wconf 86' lang='lat' dir='ltr'>l,</span> <span class='ocrx_word' id='word_1_43' title='bbox 415 938 444 1020; x_wconf 84' lang='lat'>2,</span> <span class='ocrx_word' id='word_1_44' title='bbox 468 938 509 1000; x_wconf 90' lang='lat' dir='ltr'>ab</span> <span class='ocrx_word' id='word_1_45' title='bbox 529 940 601 1001; x_wconf 86' lang='lat' dir='ltr'>octo</span> <span class='ocrx_word' id='word_1_46' title='bbox 621 936 703 1018; x_wconf 89' lang='lat' dir='ltr'>apud</span> <span class='ocrx_word' id='word_1_47' title='bbox 725 934 912 1000; x_wconf 80' lang='lat' dir='ltr'>Ciceronem</span> <span class='ocrx_word' id='word_1_48' title='bbox 937 936 1029 1018; x_wconf 89' lang='lat' dir='ltr'>epist.</span> <span class='ocrx_word' id='word_1_49' title='bbox 1054 935 1094 1000; x_wconf 87' lang='lat' dir='ltr'>ad</span> <span class='ocrx_word' id='word_1_50' title='bbox 1116 934 1193 1000; x_wconf 86' lang='lat' dir='ltr'>fam.</span> <span class='ocrx_word' id='word_1_51' title='bbox 1211 933 1279 1017; x_wconf 85' lang='lat'><strong>1,9‚</strong></span> <span class='ocrx_word' id='word_1_52' title='bbox 1295 934 1329 997; x_wconf 89' lang='grc'>16</span> <span class='ocrx_word' id='word_1_53' title='bbox 1349 933 1408 996; x_wconf 89' lang='lat' dir='ltr'>conl.</span> <span class='ocrx_word' id='word_1_54' title='bbox 1477 1006 1481 1021; x_wconf 44' lang='grc' dir='ltr'>Ι</span> 
     </span>
     <span class='ocr_line' id='line_1_7' title="bbox 299 1039 1409 1134; baseline -0.005 -27"><span class='ocrx_word' id='word_1_55' title='bbox 299 1043 440 1134; x_wconf 44' lang='lat' dir='ltr'>orat.·in</span> <span class='ocrx_word' id='word_1_56' title='bbox 469 1043 617 1107; x_wconf 86' lang='lat' dir='ltr'>Pisonem</span> <span class='ocrx_word' id='word_1_57' title='bbox 648 1042 697 1125; x_wconf 84' lang='lat'>15,</span> <span class='ocrx_word' id='word_1_58' title='bbox 716 1042 769 1125; x_wconf 84' lang='lat'>35,</span> <span class='ocrx_word' id='word_1_59' title='bbox 800 1064 859 1124; x_wconf 92' lang='lat' dir='ltr'>pro</span> <span class='ocrx_word' id='word_1_60' title='bbox 889 1041 995 1107; x_wconf 81' lang='lat' dir='ltr'>Sestio</span> <span class='ocrx_word' id='word_1_61' title='bbox 1024 1042 1076 1125; x_wconf 83' lang='lat'>33,</span> <span class='ocrx_word' id='word_1_62' title='bbox 1097 1042 1152 1106; x_wconf 79' lang='lat'>72:</span> <span class='ocrx_word' id='word_1_63' title='bbox 1185 1062 1266 1125; x_wconf 89' lang='lat' dir='ltr'>quae</span> <span class='ocrx_word' id='word_1_64' title='bbox 1295 1039 1409 1121; x_wconf 81' lang='lat' dir='ltr'>exempla</span> 
     </span>
     <span class='ocr_line' id='line_1_8' title="bbox 299 1146 1481 1232; baseline -0.008 -16"><span class='ocrx_word' id='word_1_65' title='bbox 299 1151 465 1217; x_wconf 89' lang='lat' dir='ltr'>commode</span> <span class='ocrx_word' id='word_1_66' title='bbox 497 1149 724 1232; x_wconf 87' lang='lat' dir='ltr'>Marquardtus</span> <span class='ocrx_word' id='word_1_67' title='bbox 758 1150 940 1232; x_wconf 72' lang='lat' dir='ltr'>composuit</span> <span class='ocrx_word' id='word_1_68' title='bbox 967 1146 1147 1212; x_wconf 87' lang='lat' dir='ltr'>Euchiridii</span> <span class='ocrx_word' id='word_1_69' title='bbox 1178 1148 1275 1232; x_wconf 87' lang='lat' dir='ltr'>antiq.</span> <span class='ocrx_word' id='word_1_70' title='bbox 1302 1147 1412 1210; x_wconf 82' lang='lat' dir='ltr'>Roma</span> <span class='ocrx_word' id='word_1_71' title='bbox 1476 1199 1481 1225; x_wconf 85' lang='grc'>,</span> 
     </span>
     <span class='ocr_line' id='line_1_9' title="bbox 299 1253 1412 1340; baseline -0.004 -20"><span class='ocrx_word' id='word_1_72' title='bbox 299 1257 441 1322; x_wconf 84' lang='lat' dir='ltr'>Beckero</span> <span class='ocrx_word' id='word_1_73' title='bbox 460 1256 604 1321; x_wconf 88' lang='lat' dir='ltr'>incohati</span> <span class='ocrx_word' id='word_1_74' title='bbox 624 1260 647 1321; x_wconf 90' lang='lat' dir='ltr'>t.</span> <span class='ocrx_word' id='word_1_75' title='bbox 662 1256 693 1319; x_wconf 92' lang='grc' dir='ltr'>ΙΙ</span> <span class='ocrx_word' id='word_1_76' title='bbox 712 1258 829 1340; x_wconf 76' lang='lat' dir='ltr'>partit</span> <span class='ocrx_word' id='word_1_77' title='bbox 849 1279 879 1340; x_wconf 89' lang='lat' dir='ltr'>p.</span> <span class='ocrx_word' id='word_1_78' title='bbox 895 1257 946 1322; x_wconf 88' lang='grc'>60.</span> <span class='ocrx_word' id='word_1_79' title='bbox 978 1257 1064 1322; x_wconf 89' lang='lat' dir='ltr'>Nam</span> <span class='ocrx_word' id='word_1_80' title='bbox 1082 1256 1261 1322; x_wconf 84' lang='lat' dir='ltr'>rectissime</span> <span class='ocrx_word' id='word_1_81' title='bbox 1275 1254 1314 1318; x_wconf 91' lang='lat' dir='ltr'>ab</span> <span class='ocrx_word' id='word_1_82' title='bbox 1327 1253 1412 1318; x_wconf 84' lang='lat' dir='ltr'>eodeni</span> 
     </span>
     <span class='ocr_line' id='line_1_10' title="bbox 251 1361 1413 1448; baseline -0.005 -21"><span class='ocrx_word' id='word_1_83' title='bbox 251 1389 284 1427; x_wconf 86' lang='lat' dir='ltr'>xr</span> <span class='ocrx_word' id='word_1_84' title='bbox 300 1364 491 1429; x_wconf 87' lang='lat' dir='ltr'>adnotatum</span> <span class='ocrx_word' id='word_1_85' title='bbox 511 1368 560 1426; x_wconf 90' lang='lat' dir='ltr'>est</span> <span class='ocrx_word' id='word_1_86' title='bbox 579 1386 608 1445; x_wconf 91' lang='lat' dir='ltr'>p.</span> <span class='ocrx_word' id='word_1_87' title='bbox 627 1365 689 1426; x_wconf 74' lang='lat'>124</span> <span class='ocrx_word' id='word_1_88' title='bbox 708 1364 896 1448; x_wconf 88' lang='lat' dir='ltr'>plerumque</span> <span class='ocrx_word' id='word_1_89' title='bbox 916 1363 954 1428; x_wconf 92' lang='lat' dir='ltr'>de</span> <span class='ocrx_word' id='word_1_90' title='bbox 973 1367 1141 1446; x_wconf 89' lang='lat' dir='ltr'>compacto</span> <span class='ocrx_word' id='word_1_91' title='bbox 1159 1362 1339 1434; x_wconf 84' lang='lat' dir='ltr'>convenisse</span> <span class='ocrx_word' id='word_1_92' title='bbox 1351 1361 1413 1424; x_wconf 86' lang='lat' dir='ltr'>inter</span> 
     </span>
     <span class='ocr_line' id='line_1_11' title="bbox 299 1467 1413 1555; baseline -0.004 -23"><span class='ocrx_word' id='word_1_93' title='bbox 299 1470 569 1554; x_wconf 82' lang='lat' dir='ltr'>promulgatores,</span> <span class='ocrx_word' id='word_1_94' title='bbox 593 1494 612 1534; x_wconf 90' lang='lat' dir='ltr'>a</span> <span class='ocrx_word' id='word_1_95' title='bbox 632 1494 694 1554; x_wconf 93' lang='lat' dir='ltr'>quo</span> <span class='ocrx_word' id='word_1_96' title='bbox 714 1476 883 1554; x_wconf 83' lang='lat' dir='ltr'>rogaretur</span> <span class='ocrx_word' id='word_1_97' title='bbox 901 1472 1012 1555; x_wconf 87' lang='lat' dir='ltr'>plebes</span> <span class='ocrx_word' id='word_1_98' title='bbox 1031 1470 1328 1554; x_wconf 82' lang='lat' dir='ltr'>praecidereturque</span> <span class='ocrx_word' id='word_1_99' title='bbox 1342 1467 1413 1531; x_wconf 88' lang='lat' dir='ltr'>coni·</span> 
     </span>
     <span class='ocr_line' id='line_1_12' title="bbox 300 1573 1415 1662; baseline -0.005 -21"><span class='ocrx_word' id='word_1_100' title='bbox 300 1578 355 1641; x_wconf 88' lang='lat' dir='ltr'>tiis</span> <span class='ocrx_word' id='word_1_101' title='bbox 380 1582 411 1641; x_wconf 92' lang='lat' dir='ltr'>et</span> <span class='ocrx_word' id='word_1_102' title='bbox 435 1599 553 1642; x_wconf 90' lang='lat' dir='ltr'>nomen</span> <span class='ocrx_word' id='word_1_103' title='bbox 577 1579 642 1662; x_wconf 88' lang='lat' dir='ltr'>legi</span> <span class='ocrx_word' id='word_1_104' title='bbox 661 1578 833 1659; x_wconf 83' lang='lat' dir='ltr'>inderetur,</span> <span class='ocrx_word' id='word_1_105' title='bbox 853 1578 880 1642; x_wconf 93' lang='lat' dir='ltr'>si</span> <span class='ocrx_word' id='word_1_106' title='bbox 901 1578 995 1643; x_wconf 93' lang='lat' dir='ltr'>modo</span> <span class='ocrx_word' id='word_1_107' title='bbox 1016 1575 1229 1641; x_wconf 88' lang='lat' dir='ltr'>dissentiendi</span> <span class='ocrx_word' id='word_1_108' title='bbox 1248 1573 1415 1640; x_wconf 84' lang='lat' dir='ltr'>interceden-</span> 
     </span>
     <span class='ocr_line' id='line_1_13' title="bbox 301 1681 1416 1767; baseline -0.004 -20"><span class='ocrx_word' id='word_1_109' title='bbox 301 1684 371 1748; x_wconf 92' lang='lat' dir='ltr'>dive</span> <span class='ocrx_word' id='word_1_110' title='bbox 398 1705 512 1749; x_wconf 82' lang='lat' dir='ltr'>caussa</span> <span class='ocrx_word' id='word_1_111' title='bbox 536 1685 626 1749; x_wconf 90' lang='lat' dir='ltr'>nulla</span> <span class='ocrx_word' id='word_1_112' title='bbox 649 1685 781 1750; x_wconf 87' lang='lat' dir='ltr'>inventa</span> <span class='ocrx_word' id='word_1_113' title='bbox 805 1688 899 1748; x_wconf 89' lang='lat' dir='ltr'>esset.</span> <span class='ocrx_word' id='word_1_114' title='bbox 931 1681 1029 1750; x_wconf 90' lang='lat' dir='ltr'>Cuius</span> <span class='ocrx_word' id='word_1_115' title='bbox 1048 1683 1095 1747; x_wconf 92' lang='lat' dir='ltr'>rei</span> <span class='ocrx_word' id='word_1_116' title='bbox 1114 1683 1333 1767; x_wconf 87' lang='lat' dir='ltr'>planissimum</span> <span class='ocrx_word' id='word_1_117' title='bbox 1350 1681 1416 1744; x_wconf 83' lang='lat' dir='ltr'>lesti-</span> 
     </span>
     <span class='ocr_line' id='line_1_14' title="bbox 301 1786 1417 1874; baseline -0.006 -19"><span class='ocrx_word' id='word_1_118' title='bbox 301 1792 445 1856; x_wconf 91' lang='lat' dir='ltr'>monium</span> <span class='ocrx_word' id='word_1_119' title='bbox 470 1792 554 1874; x_wconf 89' lang='lat' dir='ltr'>apud</span> <span class='ocrx_word' id='word_1_120' title='bbox 575 1789 762 1856; x_wconf 84' lang='lat' dir='ltr'>Ciceronem</span> <span class='ocrx_word' id='word_1_121' title='bbox 787 1793 894 1854; x_wconf 87' lang='lat' dir='ltr'>exstat</span> <span class='ocrx_word' id='word_1_122' title='bbox 918 1789 956 1852; x_wconf 88' lang='lat' dir='ltr'>de</span> <span class='ocrx_word' id='word_1_123' title='bbox 979 1790 1051 1873; x_wconf 86' lang='lat' dir='ltr'>lege</span> <span class='ocrx_word' id='word_1_124' title='bbox 1076 1789 1204 1874; x_wconf 80' lang='lat' dir='ltr'>agraria</span> <span class='ocrx_word' id='word_1_125' title='bbox 1227 1788 1274 1872; x_wconf 83' lang='grc' dir='ltr'>Π,</span> <span class='ocrx_word' id='word_1_126' title='bbox 1292 1789 1320 1872; x_wconf 78' lang='grc'>2,</span> <span class='ocrx_word' id='word_1_127' title='bbox 1337 1788 1372 1851; x_wconf 74' lang='lat'>22</span> <span class='ocrx_word' id='word_1_128' title='bbox 1391 1786 1417 1848; x_wconf 90' lang='lat' dir='ltr'>de</span> 
     </span>
     <span class='ocr_line' id='line_1_15' title="bbox 301 1894 1417 1977; baseline -0.006 -15"><span class='ocrx_word' id='word_1_129' title='bbox 301 1899 335 1962; x_wconf 87' lang='lat' dir='ltr'>P.</span> <span class='ocrx_word' id='word_1_130' title='bbox 359 1899 497 1963; x_wconf 86' lang='lat' dir='ltr'>Servilio</span> <span class='ocrx_word' id='word_1_131' title='bbox 521 1897 554 1962; x_wconf 88' lang='lat' dir='ltr'>P.</span> <span class='ocrx_word' id='word_1_132' title='bbox 579 1898 599 1962; x_wconf 84' lang='lat' dir='ltr'>f.</span> <span class='ocrx_word' id='word_1_133' title='bbox 624 1897 719 1962; x_wconf 86' lang='lat' dir='ltr'>Itullo</span> <span class='ocrx_word' id='word_1_134' title='bbox 748 1897 827 1961; x_wconf 88' lang='lat' dir='ltr'>haec</span> <span class='ocrx_word' id='word_1_135' title='bbox 851 1897 1022 1961; x_wconf 88' lang='lat' dir='ltr'>dicentem:</span> <span class='ocrx_word' id='word_1_136' title='bbox 1052 1894 1097 1959; x_wconf 77' lang='lat' dir='ltr'>‘et</span> <span class='ocrx_word' id='word_1_137' title='bbox 1120 1894 1272 1960; x_wconf 88' lang='lat' dir='ltr'>videlieet</span> <span class='ocrx_word' id='word_1_138' title='bbox 1293 1895 1417 1977; x_wconf 82' lang='lat' dir='ltr'>conlegas</span> 
     </span>
     <span class='ocr_line' id='line_1_16' title="bbox 302 2000 1418 2088; baseline -0.007 -19"><span class='ocrx_word' id='word_1_139' title='bbox 302 2030 376 2069; x_wconf 83' lang='lat' dir='ltr'>suos</span> <span class='ocrx_word' id='word_1_140' title='bbox 400 2005 615 2088; x_wconf 84' lang='lat' dir='ltr'>adscriptores</span> <span class='ocrx_word' id='word_1_141' title='bbox 644 2005 725 2088; x_wconf 88' lang='lat' dir='ltr'>legis</span> <span class='ocrx_word' id='word_1_142' title='bbox 750 2004 897 2087; x_wconf 83' lang='lat' dir='ltr'>agrariae</span> <span class='ocrx_word' id='word_1_143' title='bbox 920 2024 985 2066; x_wconf 90' lang='lat' dir='ltr'>non</span> <span class='ocrx_word' id='word_1_144' title='bbox 1009 2000 1206 2084; x_wconf 86' lang='lat' dir='ltr'>repudiabit,</span> <span class='ocrx_word' id='word_1_145' title='bbox 1235 2002 1380 2086; x_wconf 87' lang='lat' dir='ltr'>aquibus</span> <span class='ocrx_word' id='word_1_146' title='bbox 1398 2001 1418 2062; x_wconf 83' lang='lat' dir='ltr'>ei</span> 
     </span>
     <span class='ocr_line' id='line_1_17' title="bbox 302 2108 1418 2194; baseline -0.004 -21"><span class='ocrx_word' id='word_1_147' title='bbox 302 2113 390 2175; x_wconf 89' lang='lat' dir='ltr'>locus</span> <span class='ocrx_word' id='word_1_148' title='bbox 414 2113 536 2194; x_wconf 91' lang='lat' dir='ltr'>primus</span> <span class='ocrx_word' id='word_1_149' title='bbox 561 2111 594 2175; x_wconf 89' lang='lat' dir='ltr'>in</span> <span class='ocrx_word' id='word_1_150' title='bbox 617 2109 761 2193; x_wconf 87' lang='lat' dir='ltr'>indice*)</span> <span class='ocrx_word' id='word_1_151' title='bbox 785 2114 817 2173; x_wconf 91' lang='lat' dir='ltr'>et</span> <span class='ocrx_word' id='word_1_152' title='bbox 841 2111 874 2173; x_wconf 94' lang='lat' dir='ltr'>in</span> <span class='ocrx_word' id='word_1_153' title='bbox 897 2109 1149 2193; x_wconf 84' lang='lat' dir='ltr'>praescriptione</span> <span class='ocrx_word' id='word_1_154' title='bbox 1173 2108 1257 2192; x_wconf 86' lang='lat' dir='ltr'>legis</span> <span class='ocrx_word' id='word_1_155' title='bbox 1277 2130 1418 2174; x_wconf 80' lang='lat' dir='ltr'>concessus</span> 
     </span>
     <span class='ocr_line' id='line_1_18' title="bbox 303 2215 1419 2301; baseline -0.004 -20"><span class='ocrx_word' id='word_1_156' title='bbox 303 2217 372 2281; x_wconf 83' lang='lat' dir='ltr'>est&#39;</span> <span class='ocrx_word' id='word_1_157' title='bbox 418 2217 488 2281; x_wconf 91' lang='lat' dir='ltr'>Hos</span> <span class='ocrx_word' id='word_1_158' title='bbox 512 2241 587 2284; x_wconf 91' lang='lat' dir='ltr'>vero</span> <span class='ocrx_word' id='word_1_159' title='bbox 613 2215 852 2301; x_wconf 79' lang='lat' dir='ltr'>‘adscriptores&#39;</span> <span class='ocrx_word' id='word_1_160' title='bbox 880 2239 959 2300; x_wconf 92' lang='lat' dir='ltr'>quos</span> <span class='ocrx_word' id='word_1_161' title='bbox 984 2217 1065 2280; x_wconf 88' lang='lat' dir='ltr'>alios</span> <span class='ocrx_word' id='word_1_162' title='bbox 1089 2216 1154 2280; x_wconf 90' lang='lat' dir='ltr'>nisi</span> <span class='ocrx_word' id='word_1_163' title='bbox 1178 2239 1233 2281; x_wconf 89' lang='lat' dir='ltr'>eos</span> <span class='ocrx_word' id='word_1_164' title='bbox 1258 2217 1419 2300; x_wconf 80' lang='lat' dir='ltr'>interpreta-</span> 
     </span>
     <span class='ocr_line' id='line_1_19' title="bbox 303 2322 1420 2409; baseline -0.005 -22"><span class='ocrx_word' id='word_1_165' title='bbox 303 2325 378 2388; x_wconf 86' lang='lat' dir='ltr'>bere</span> <span class='ocrx_word' id='word_1_166' title='bbox 402 2325 457 2408; x_wconf 91' lang='lat' dir='ltr'>qui</span> <span class='ocrx_word' id='word_1_167' title='bbox 481 2329 610 2408; x_wconf 90' lang='lat' dir='ltr'>praeter</span> <span class='ocrx_word' id='word_1_168' title='bbox 629 2326 730 2409; x_wconf 86' lang='lat' dir='ltr'>illum,</span> <span class='ocrx_word' id='word_1_169' title='bbox 754 2324 804 2388; x_wconf 91' lang='lat' dir='ltr'>cui</span> <span class='ocrx_word' id='word_1_170' title='bbox 823 2323 946 2407; x_wconf 89' lang='lat' dir='ltr'>primus</span> <span class='ocrx_word' id='word_1_171' title='bbox 965 2323 1054 2388; x_wconf 89' lang='lat' dir='ltr'>locus</span> <span class='ocrx_word' id='word_1_172' title='bbox 1073 2345 1254 2406; x_wconf 84' lang='lat' dir='ltr'>concessus,</span> <span class='ocrx_word' id='word_1_173' title='bbox 1277 2322 1420 2404; x_wconf 71' lang='lat' dir='ltr'>adscriptis</span> 
     </span>
     <span class='ocr_line' id='line_1_20' title="bbox 301 2429 1419 2515; baseline -0.004 -21"><span class='ocrx_word' id='word_1_174' title='bbox 301 2431 486 2496; x_wconf 88' lang='lat' dir='ltr'>nominibus</span> <span class='ocrx_word' id='word_1_175' title='bbox 512 2433 576 2496; x_wconf 88' lang='lat' dir='ltr'>suis</span> <span class='ocrx_word' id='word_1_176' title='bbox 602 2432 727 2515; x_wconf 90' lang='lat' dir='ltr'>plebem</span> <span class='ocrx_word' id='word_1_177' title='bbox 753 2431 791 2495; x_wconf 90' lang='lat' dir='ltr'>de</span> <span class='ocrx_word' id='word_1_178' title='bbox 815 2431 947 2496; x_wconf 89' lang='lat' dir='ltr'>ferenda</span> <span class='ocrx_word' id='word_1_179' title='bbox 974 2431 1046 2515; x_wconf 89' lang='lat' dir='ltr'>lege</span> <span class='ocrx_word' id='word_1_180' title='bbox 1069 2430 1276 2514; x_wconf 81' lang='lat' dir='ltr'>rogaverint?</span> <span class='ocrx_word' id='word_1_181' title='bbox 1312 2429 1419 2494; x_wconf 77' lang='lat' dir='ltr'>Brevin</span> 
     </span>
    </p>
   </div>
   <div class='ocr_carea' id='block_1_3' title="bbox 304 2594 514 2604">
    <p class='ocr_par' dir='ltr' id='par_1_3' title="bbox 304 2594 514 2604">
     <span class='ocr_line' id='line_1_21' title="bbox 304 2594 514 2604; baseline -0.005 0"><span class='ocrx_word' id='word_1_182' title='bbox 304 2594 383 2604; x_wconf 69' lang='grc' dir='ltr'>ι-ν--</span> <span class='ocrx_word' id='word_1_183' title='bbox 399 2597 450 2601; x_wconf 90' lang='lat'>——</span> <span class='ocrx_word' id='word_1_184' title='bbox 466 2597 514 2603; x_wconf 77' lang='lat'>----</span> 
     </span>
    </p>
   </div>
   <div class='ocr_carea' id='block_1_4' title="bbox 303 2693 1424 3296">
    <p class='ocr_par' dir='ltr' id='par_1_4' title="bbox 303 2693 1424 3296">
     <span class='ocr_line' id='line_1_22' title="bbox 391 2693 1421 2764; baseline -0.005 -15"><span class='ocrx_word' id='word_1_185' title='bbox 391 2696 416 2762; x_wconf 71' lang='lat' dir='ltr'>*l</span> <span class='ocrx_word' id='word_1_186' title='bbox 436 2696 488 2749; x_wconf 88' lang='lat' dir='ltr'>Hic</span> <span class='ocrx_word' id='word_1_187' title='bbox 507 2697 624 2763; x_wconf 85' lang='lat' dir='ltr'>quaerat</span> <span class='ocrx_word' id='word_1_188' title='bbox 644 2693 782 2762; x_wconf 87' lang='lat' dir='ltr'>quispiam</span> <span class='ocrx_word' id='word_1_189' title='bbox 807 2694 946 2761; x_wconf 87' lang='lat' dir='ltr'>quomodo</span> <span class='ocrx_word' id='word_1_190' title='bbox 967 2697 1099 2764; x_wconf 82' lang='lat' dir='ltr'>primus</span> <span class='ocrx_word' id='word_1_191' title='bbox 1121 2695 1152 2748; x_wconf 77' lang='lat' dir='ltr'>iu</span> <span class='ocrx_word' id='word_1_192' title='bbox 1175 2695 1267 2749; x_wconf 78' lang='lat' dir='ltr'>indice</span> <span class='ocrx_word' id='word_1_193' title='bbox 1289 2695 1359 2750; x_wconf 75' lang='lat' dir='ltr'>locta</span> <span class='ocrx_word' id='word_1_194' title='bbox 1378 2710 1421 2746; x_wconf 83' lang='lat' dir='ltr'>ron·</span> 
     </span>
     <span class='ocr_line' id='line_1_23' title="bbox 303 2783 1421 2853; baseline -0.004 -15"><span class='ocrx_word' id='word_1_195' title='bbox 303 2785 364 2838; x_wconf 86' lang='lat' dir='ltr'>cedi</span> <span class='ocrx_word' id='word_1_196' title='bbox 383 2785 519 2852; x_wconf 87' lang='lat' dir='ltr'>potnerit,</span> <span class='ocrx_word' id='word_1_197' title='bbox 548 2784 659 2852; x_wconf 87' lang='lat' dir='ltr'>quando</span> <span class='ocrx_word' id='word_1_198' title='bbox 683 2787 898 2838; x_wconf 85' lang='lat' dir='ltr'>consentaneum</span> <span class='ocrx_word' id='word_1_199' title='bbox 922 2787 977 2850; x_wconf 88' lang='lat' dir='ltr'>est,</span> <span class='ocrx_word' id='word_1_200' title='bbox 1006 2787 1037 2837; x_wconf 90' lang='lat' dir='ltr'>ut</span> <span class='ocrx_word' id='word_1_201' title='bbox 1056 2783 1191 2853; x_wconf 80' lang='lat' dir='ltr'>exemplis</span> <span class='ocrx_word' id='word_1_202' title='bbox 1210 2787 1330 2850; x_wconf 84' lang='lat' dir='ltr'>utamur,</span> <span class='ocrx_word' id='word_1_203' title='bbox 1355 2784 1421 2850; x_wconf 76' lang='lat' dir='ltr'>legen</span> 
     </span>
     <span class='ocr_line' id='line_1_24' title="bbox 305 2871 1423 2942; baseline -0.004 -15"><span class='ocrx_word' id='word_1_204' title='bbox 305 2874 481 2942; x_wconf 81' lang='lat' dir='ltr'>Calpurniam</span> <span class='ocrx_word' id='word_1_205' title='bbox 507 2875 551 2928; x_wconf 89' lang='lat' dir='ltr'>vel</span> <span class='ocrx_word' id='word_1_206' title='bbox 571 2872 739 2942; x_wconf 87' lang='lat' dir='ltr'>Appuleiam</span> <span class='ocrx_word' id='word_1_207' title='bbox 763 2891 818 2927; x_wconf 92' lang='lat' dir='ltr'>non</span> <span class='ocrx_word' id='word_1_208' title='bbox 842 2872 898 2927; x_wconf 88' lang='lat' dir='ltr'>alio</span> <span class='ocrx_word' id='word_1_209' title='bbox 923 2873 976 2926; x_wconf 87' lang='lat' dir='ltr'>nisi</span> <span class='ocrx_word' id='word_1_210' title='bbox 1001 2873 1053 2927; x_wconf 86' lang='lat' dir='ltr'>tali</span> <span class='ocrx_word' id='word_1_211' title='bbox 1077 2873 1167 2927; x_wconf 88' lang='lat' dir='ltr'>indice</span> <span class='ocrx_word' id='word_1_212' title='bbox 1191 2871 1289 2927; x_wconf 81' lang='lat' dir='ltr'>luisse:</span> <span class='ocrx_word' id='word_1_213' title='bbox 1317 2871 1423 2927; x_wconf 71' lang='lat' dir='ltr'>n-cll-</span> 
     </span>
     <span class='ocr_line' id='line_1_25' title="bbox 304 2960 1423 3016; baseline -0.001 -3"><span class='ocrx_word' id='word_1_214' title='bbox 304 2961 441 3014; x_wconf 72' lang='lat' dir='ltr'>PVltNlrl</span> <span class='ocrx_word' id='word_1_215' title='bbox 458 2991 463 3002; x_wconf 90' lang='lat'>·</span> <span class='ocrx_word' id='word_1_216' title='bbox 480 2961 527 3013; x_wconf 81' lang='lat' dir='ltr'>DE</span> <span class='ocrx_word' id='word_1_217' title='bbox 545 2992 549 3002; x_wconf 94' lang='lat'><em>·</em></span> <span class='ocrx_word' id='word_1_218' title='bbox 568 2961 797 3014; x_wconf 43' lang='lat' dir='ltr'>annuntiabis</span> <span class='ocrx_word' id='word_1_219' title='bbox 832 2967 860 3015; x_wconf 89' lang='lat' dir='ltr'>et</span> <span class='ocrx_word' id='word_1_220' title='bbox 888 2962 907 3014; x_wconf 91' lang='lat' dir='ltr'>L</span> <span class='ocrx_word' id='word_1_221' title='bbox 921 2960 1117 3014; x_wconf 77' lang='lat' dir='ltr'>-APPvnnm</span> <span class='ocrx_word' id='word_1_222' title='bbox 1129 2991 1134 3002; x_wconf 92' lang='lat'><strong>·</strong></span> <span class='ocrx_word' id='word_1_223' title='bbox 1146 2961 1210 3014; x_wconf 83' lang='lat' dir='ltr'>DE·</span> <span class='ocrx_word' id='word_1_224' title='bbox 1222 2961 1423 3016; x_wconf 60' lang='lat' dir='ltr'>MAIESTATE</span> 
     </span>
     <span class='ocr_line' id='line_1_26' title="bbox 303 3048 1423 3119; baseline -0.002 -19"><span class='ocrx_word' id='word_1_225' title='bbox 303 3048 456 3102; x_wconf 79' lang='lat' dir='ltr'>llllNV&#39;PA.</span> <span class='ocrx_word' id='word_1_226' title='bbox 496 3049 574 3103; x_wconf 84' lang='lat' dir='ltr'>Vnde</span> <span class='ocrx_word' id='word_1_227' title='bbox 599 3067 652 3103; x_wconf 92' lang='lat' dir='ltr'>non</span> <span class='ocrx_word' id='word_1_228' title='bbox 676 3049 761 3103; x_wconf 81' lang='lat' dir='ltr'>mirer</span> <span class='ocrx_word' id='word_1_229' title='bbox 788 3050 810 3103; x_wconf 86' lang='lat' dir='ltr'>si</span> <span class='ocrx_word' id='word_1_230' title='bbox 836 3050 896 3118; x_wconf 90' lang='lat' dir='ltr'>quis</span> <span class='ocrx_word' id='word_1_231' title='bbox 920 3048 1112 3119; x_wconf 86' lang='lat' dir='ltr'>neglegentius</span> <span class='ocrx_word' id='word_1_232' title='bbox 1140 3049 1266 3104; x_wconf 87' lang='lat' dir='ltr'>locutum</span> <span class='ocrx_word' id='word_1_233' title='bbox 1291 3050 1423 3104; x_wconf 82' lang='lat' dir='ltr'>Ciceronem</span> 
     </span>
     <span class='ocr_line' id='line_1_27' title="bbox 304 3138 1424 3209; baseline -0.002 -19"><span class='ocrx_word' id='word_1_234' title='bbox 304 3138 374 3190; x_wconf 88' lang='lat' dir='ltr'>nihil</span> <span class='ocrx_word' id='word_1_235' title='bbox 399 3138 451 3190; x_wconf 90' lang='lat' dir='ltr'>nisi</span> <span class='ocrx_word' id='word_1_236' title='bbox 477 3140 529 3192; x_wconf 91' lang='lat' dir='ltr'>hcc</span> <span class='ocrx_word' id='word_1_237' title='bbox 554 3140 672 3192; x_wconf 84' lang='lat' dir='ltr'>voluisse</span> <span class='ocrx_word' id='word_1_238' title='bbox 697 3142 809 3209; x_wconf 84' lang='lat' dir='ltr'>arguat:</span> <span class='ocrx_word' id='word_1_239' title='bbox 838 3157 856 3192; x_wconf 90' lang='grc' dir='ltr'><em>α</em></span> <span class='ocrx_word' id='word_1_240' title='bbox 874 3140 972 3207; x_wconf 76' lang='lat' dir='ltr'>picibus</span> <span class='ocrx_word' id='word_1_241' title='bbox 995 3140 1020 3192; x_wconf 82' lang='lat' dir='ltr'>ci</span> <span class='ocrx_word' id='word_1_242' title='bbox 1043 3140 1117 3192; x_wconf 80' lang='lat' dir='ltr'>locus</span> <span class='ocrx_word' id='word_1_243' title='bbox 1132 3141 1242 3206; x_wconf 82' lang='lat' dir='ltr'>primus</span> <span class='ocrx_word' id='word_1_244' title='bbox 1265 3157 1294 3194; x_wconf 82' lang='lat' dir='ltr'>co</span> <span class='ocrx_word' id='word_1_245' title='bbox 1312 3153 1424 3193; x_wconf 58' lang='lat' dir='ltr'>concam</span> 
     </span>
     <span class='ocr_line' id='line_1_28' title="bbox 303 3229 1424 3296; baseline -0.001 -18"><span class='ocrx_word' id='word_1_246' title='bbox 303 3232 341 3278; x_wconf 83' lang='lat' dir='ltr'>est</span> <span class='ocrx_word' id='word_1_247' title='bbox 362 3232 390 3277; x_wconf 83' lang='lat' dir='ltr'>ut</span> <span class='ocrx_word' id='word_1_248' title='bbox 410 3232 433 3278; x_wconf 84' lang='lat' dir='ltr'>ct</span> <span class='ocrx_word' id='word_1_249' title='bbox 453 3229 481 3280; x_wconf 85' lang='lat' dir='ltr'>iu</span> <span class='ocrx_word' id='word_1_250' title='bbox 503 3229 592 3281; x_wconf 76' lang='lat' dir='ltr'>italice</span> <span class='ocrx_word' id='word_1_251' title='bbox 611 3233 634 3280; x_wconf 84' lang='lat' dir='ltr'>et</span> <span class='ocrx_word' id='word_1_252' title='bbox 649 3229 759 3295; x_wconf 75' lang='lat' dir='ltr'>prtinus</span> <span class='ocrx_word' id='word_1_253' title='bbox 778 3230 807 3280; x_wconf 79' lang='lat' dir='ltr'>in</span> <span class='ocrx_word' id='word_1_254' title='bbox 823 3229 1041 3296; x_wconf 75' lang='lat' dir='ltr'>praescriptione</span> <span class='ocrx_word' id='word_1_255' title='bbox 1054 3232 1210 3295; x_wconf 70' lang='lat' dir='ltr'>posceretur.</span> <span class='ocrx_word' id='word_1_256' title='bbox 1245 3229 1345 3284; x_wconf 83' lang='lat' dir='ltr'>Verum</span> <span class='ocrx_word' id='word_1_257' title='bbox 1362 3229 1424 3293; x_wconf 75' lang='lat' dir='ltr'>longe</span> 
     </span>
    </p>
   </div>
   <div class='ocr_carea' id='block_1_5' title="bbox 303 3315 1424 3386">
    <p class='ocr_par' dir='ltr' id='par_1_5' title="bbox 303 3315 1424 3386">
     <span class='ocr_line' id='line_1_29' title="bbox 303 3315 1424 3386; baseline 0 -18"><span class='ocrx_word' id='word_1_258' title='bbox 303 3321 397 3368; x_wconf 85' lang='lat' dir='ltr'>tamen</span> <span class='ocrx_word' id='word_1_259' title='bbox 416 3315 499 3368; x_wconf 87' lang='lat' dir='ltr'>aliter</span> <span class='ocrx_word' id='word_1_260' title='bbox 517 3317 551 3370; x_wconf 90' lang='lat' dir='ltr'>de</span> <span class='ocrx_word' id='word_1_261' title='bbox 572 3318 624 3370; x_wconf 92' lang='lat' dir='ltr'>hoc</span> <span class='ocrx_word' id='word_1_262' title='bbox 643 3334 745 3385; x_wconf 83' lang='lat' dir='ltr'>genere</span> <span class='ocrx_word' id='word_1_263' title='bbox 764 3317 942 3371; x_wconf 87' lang='lat' dir='ltr'>statuendum</span> <span class='ocrx_word' id='word_1_264' title='bbox 961 3317 1078 3371; x_wconf 85' lang='lat' dir='ltr'>videtur.</span> <span class='ocrx_word' id='word_1_265' title='bbox 1108 3316 1252 3386; x_wconf 79' lang='lat' dir='ltr'>Cogitavit</span> <span class='ocrx_word' id='word_1_266' title='bbox 1265 3319 1337 3373; x_wconf 86' lang='lat' dir='ltr'>enirn</span> <span class='ocrx_word' id='word_1_267' title='bbox 1351 3317 1424 3372; x_wconf 74' lang='lat' dir='ltr'>Cicero</span> 
     </span>
    </p>
   </div>
   <div class='ocr_carea' id='block_1_6' title="bbox 303 3403 1488 4540">
    <p class='ocr_par' dir='ltr' id='par_1_6' title="bbox 303 3403 1488 4540">
     <span class='ocr_line' id='line_1_30' title="bbox 304 3403 1485 3495; baseline -0.003 -38"><span class='ocrx_word' id='word_1_268' title='bbox 304 3406 378 3458; x_wconf 88' lang='lat' dir='ltr'>haud</span> <span class='ocrx_word' id='word_1_269' title='bbox 398 3405 481 3457; x_wconf 86' lang='lat' dir='ltr'>dubie</span> <span class='ocrx_word' id='word_1_270' title='bbox 501 3406 535 3458; x_wconf 87' lang='lat' dir='ltr'>de</span> <span class='ocrx_word' id='word_1_271' title='bbox 555 3405 658 3459; x_wconf 85' lang='lat' dir='ltr'>talibus</span> <span class='ocrx_word' id='word_1_272' title='bbox 682 3406 778 3474; x_wconf 87' lang='lat' dir='ltr'>quales</span> <span class='ocrx_word' id='word_1_273' title='bbox 801 3405 879 3459; x_wconf 85' lang='lat' dir='ltr'>luero</span> <span class='ocrx_word' id='word_1_274' title='bbox 899 3404 1245 3459; x_wconf 65' lang='lat' dir='ltr'>conantia-Flavia</span> <span class='ocrx_word' id='word_1_275' title='bbox 1268 3407 1313 3462; x_wconf 91' lang='lat' dir='ltr'>vel</span> <span class='ocrx_word' id='word_1_276' title='bbox 1332 3403 1424 3461; x_wconf 74' lang='lat' dir='ltr'>clett—</span> <span class='ocrx_word' id='word_1_277' title='bbox 1479 3414 1485 3495; x_wconf 58' lang='grc' dir='ltr'><strong>ἱ</strong></span> 
     </span>
     <span class='ocr_line' id='line_1_31' title="bbox 305 3493 1485 3562; baseline 0.001 -17"><span class='ocrx_word' id='word_1_278' title='bbox 305 3493 495 3546; x_wconf 75' lang='lat' dir='ltr'>ala-blois</span> <span class='ocrx_word' id='word_1_279' title='bbox 525 3494 567 3547; x_wconf 89' lang='lat' dir='ltr'>vel</span> <span class='ocrx_word' id='word_1_280' title='bbox 589 3494 945 3548; x_wconf 69' lang='lat' dir='ltr'>Guntia-eonnnnln:</span> <span class='ocrx_word' id='word_1_281' title='bbox 974 3511 1008 3547; x_wconf 87' lang='lat' dir='ltr'>ne</span> <span class='ocrx_word' id='word_1_282' title='bbox 1028 3511 1060 3547; x_wconf 82' lang='lat' dir='ltr'>ex</span> <span class='ocrx_word' id='word_1_283' title='bbox 1079 3493 1279 3562; x_wconf 87' lang='lat' dir='ltr'>imperatorum</span> <span class='ocrx_word' id='word_1_284' title='bbox 1298 3493 1412 3549; x_wconf 82' lang='lat' dir='ltr'>aetatet</span> <span class='ocrx_word' id='word_1_285' title='bbox 1480 3522 1485 3541; x_wconf 77' lang='grc' dir='ltr'><strong>ι</strong></span> 
     </span>
     <span class='ocr_line' id='line_1_32' title="bbox 303 3580 1487 3656; baseline -0.005 -20"><span class='ocrx_word' id='word_1_286' title='bbox 303 3582 492 3636; x_wconf 79' lang='lat' dir='ltr'>llAllllLlAlll</span> <span class='ocrx_word' id='word_1_287' title='bbox 505 3612 510 3622; x_wconf 90' lang='lat'>·</span> <span class='ocrx_word' id='word_1_288' title='bbox 521 3581 679 3635; x_wconf 80' lang='lat' dir='ltr'>ROSClAlI</span> <span class='ocrx_word' id='word_1_289' title='bbox 692 3583 931 3637; x_wconf 78' lang='lat' dir='ltr'>·PEDVCAEAM</span> <span class='ocrx_word' id='word_1_290' title='bbox 943 3581 1149 3635; x_wconf 69' lang='lat' dir='ltr'>annianum</span> <span class='ocrx_word' id='word_1_291' title='bbox 1162 3613 1167 3624; x_wconf 94' lang='lat'>·</span> <span class='ocrx_word' id='word_1_292' title='bbox 1178 3583 1315 3638; x_wconf 68' lang='lat' dir='ltr'>caninat</span> <span class='ocrx_word' id='word_1_293' title='bbox 1333 3585 1379 3638; x_wconf 90' lang='lat' dir='ltr'>hnc</span> <span class='ocrx_word' id='word_1_294' title='bbox 1391 3580 1422 3632; x_wconf 85' lang='lat' dir='ltr'>al·</span> <span class='ocrx_word' id='word_1_295' title='bbox 1486 3649 1487 3656; x_wconf 8' lang='grc' dir='ltr'>ἵ</span> 
     </span>
     <span class='ocr_line' id='line_1_33' title="bbox 305 3659 1487 3742; baseline 0 -16"><span class='ocrx_word' id='word_1_296' title='bbox 305 3673 462 3726; x_wconf 82' lang='lat' dir='ltr'>sciscamus.</span> <span class='ocrx_word' id='word_1_297' title='bbox 495 3672 577 3724; x_wconf 87' lang='lat' dir='ltr'>Tales</span> <span class='ocrx_word' id='word_1_298' title='bbox 598 3671 670 3724; x_wconf 85' lang='lat' dir='ltr'>eninr</span> <span class='ocrx_word' id='word_1_299' title='bbox 690 3672 765 3740; x_wconf 86' lang='lat' dir='ltr'>leges</span> <span class='ocrx_word' id='word_1_300' title='bbox 785 3672 934 3741; x_wconf 85' lang='lat' dir='ltr'>adscriptis</span> <span class='ocrx_word' id='word_1_301' title='bbox 954 3672 982 3725; x_wconf 92' lang='lat' dir='ltr'>in</span> <span class='ocrx_word' id='word_1_302' title='bbox 1001 3671 1091 3725; x_wconf 89' lang='lat' dir='ltr'>indice</span> <span class='ocrx_word' id='word_1_303' title='bbox 1111 3675 1273 3742; x_wconf 84' lang='lat' dir='ltr'>rogatorum</span> <span class='ocrx_word' id='word_1_304' title='bbox 1292 3671 1423 3727; x_wconf 73' lang='lat' dir='ltr'>nominibus</span> <span class='ocrx_word' id='word_1_305' title='bbox 1486 3659 1487 3726; x_wconf 84' lang='lat' dir='ltr'>l</span> 
     </span>
     <span class='ocr_line' id='line_1_34' title="bbox 305 3760 1423 3829; baseline -0.003 -15"><span class='ocrx_word' id='word_1_306' title='bbox 305 3779 397 3814; x_wconf 87' lang='lat' dir='ltr'>carere</span> <span class='ocrx_word' id='word_1_307' title='bbox 418 3760 530 3814; x_wconf 91' lang='lat' dir='ltr'>omuino</span> <span class='ocrx_word' id='word_1_308' title='bbox 555 3778 610 3813; x_wconf 89' lang='lat' dir='ltr'>non</span> <span class='ocrx_word' id='word_1_309' title='bbox 630 3764 792 3829; x_wconf 86' lang='lat' dir='ltr'>potuerunt:</span> <span class='ocrx_word' id='word_1_310' title='bbox 819 3762 892 3816; x_wconf 90' lang='lat' dir='ltr'>undc</span> <span class='ocrx_word' id='word_1_311' title='bbox 916 3761 989 3816; x_wconf 89' lang='lat' dir='ltr'>enim</span> <span class='ocrx_word' id='word_1_312' title='bbox 1015 3760 1170 3815; x_wconf 91' lang='lat' dir='ltr'>binomines</span> <span class='ocrx_word' id='word_1_313' title='bbox 1194 3778 1254 3815; x_wconf 84' lang='lat' dir='ltr'>esse</span> <span class='ocrx_word' id='word_1_314' title='bbox 1277 3763 1423 3828; x_wconf 70' lang='lat' dir='ltr'>intellegere</span> 
     </span>
     <span class='ocr_line' id='line_1_35' title="bbox 305 3848 1422 3920; baseline -0.004 -17"><span class='ocrx_word' id='word_1_315' title='bbox 305 3854 366 3903; x_wconf 75' lang='lat' dir='ltr'>tur?</span> <span class='ocrx_word' id='word_1_316' title='bbox 405 3848 507 3903; x_wconf 84' lang='lat' dir='ltr'>Contra</span> <span class='ocrx_word' id='word_1_317' title='bbox 530 3865 547 3901; x_wconf 86' lang='lat' dir='ltr'>a</span> <span class='ocrx_word' id='word_1_318' title='bbox 571 3849 687 3916; x_wconf 80' lang='lat' dir='ltr'>singulis</span> <span class='ocrx_word' id='word_1_319' title='bbox 712 3851 871 3918; x_wconf 83' lang='lat' dir='ltr'>appellatae</span> <span class='ocrx_word' id='word_1_320' title='bbox 895 3852 970 3920; x_wconf 87' lang='lat' dir='ltr'>leges</span> <span class='ocrx_word' id='word_1_321' title='bbox 995 3851 1137 3919; x_wconf 83' lang='lat' dir='ltr'>adscripto</span> <span class='ocrx_word' id='word_1_322' title='bbox 1165 3850 1277 3906; x_wconf 89' lang='lat' dir='ltr'>nomine</span> <span class='ocrx_word' id='word_1_323' title='bbox 1303 3869 1365 3920; x_wconf 83' lang='lat' dir='ltr'>opus</span> <span class='ocrx_word' id='word_1_324' title='bbox 1385 3865 1422 3900; x_wconf 83' lang='lat' dir='ltr'>uun</span> 
     </span>
     <span class='ocr_line' id='line_1_36' title="bbox 304 3937 1422 4009; baseline -0.003 -17"><span class='ocrx_word' id='word_1_325' title='bbox 304 3941 434 4006; x_wconf 78' lang='lat' dir='ltr'>bulmere,</span> <span class='ocrx_word' id='word_1_326' title='bbox 453 3939 557 4008; x_wconf 82' lang='lat' dir='ltr'>quippe</span> <span class='ocrx_word' id='word_1_327' title='bbox 578 3939 651 4006; x_wconf 84' lang='lat' dir='ltr'>quod</span> <span class='ocrx_word' id='word_1_328' title='bbox 671 3957 703 3992; x_wconf 86' lang='lat' dir='ltr'>ex</span> <span class='ocrx_word' id='word_1_329' title='bbox 723 3958 764 4007; x_wconf 89' lang='lat' dir='ltr'>eo,</span> <span class='ocrx_word' id='word_1_330' title='bbox 784 3958 874 4007; x_wconf 86' lang='lat' dir='ltr'>aquo</span> <span class='ocrx_word' id='word_1_331' title='bbox 894 3941 937 3995; x_wconf 84' lang='lat' dir='ltr'>lex</span> <span class='ocrx_word' id='word_1_332' title='bbox 957 3941 1104 4005; x_wconf 81' lang='lat' dir='ltr'>ordiretur,</span> <span class='ocrx_word' id='word_1_333' title='bbox 1128 3939 1238 3994; x_wconf 85' lang='lat' dir='ltr'>nominc</span> <span class='ocrx_word' id='word_1_334' title='bbox 1259 3939 1324 3994; x_wconf 83' lang='lat' dir='ltr'>satia</span> <span class='ocrx_word' id='word_1_335' title='bbox 1342 3937 1422 4009; x_wconf 74' lang='lat' dir='ltr'>penpi-</span> 
     </span>
     <span class='ocr_line' id='line_1_37' title="bbox 305 4027 1488 4120; baseline -0.003 -41"><span class='ocrx_word' id='word_1_336' title='bbox 305 4031 419 4082; x_wconf 80' lang='lat' dir='ltr'>ccrctur.</span> <span class='ocrx_word' id='word_1_337' title='bbox 459 4028 530 4081; x_wconf 92' lang='lat' dir='ltr'>Hine</span> <span class='ocrx_word' id='word_1_338' title='bbox 550 4028 635 4098; x_wconf 87' lang='lat' dir='ltr'>igilur</span> <span class='ocrx_word' id='word_1_339' title='bbox 655 4046 713 4082; x_wconf 80' lang='lat' dir='ltr'>esse</span> <span class='ocrx_word' id='word_1_340' title='bbox 733 4032 877 4098; x_wconf 83' lang='lat' dir='ltr'>putamus,</span> <span class='ocrx_word' id='word_1_341' title='bbox 904 4029 977 4097; x_wconf 91' lang='lat' dir='ltr'>qnod</span> <span class='ocrx_word' id='word_1_342' title='bbox 997 4029 1025 4082; x_wconf 91' lang='lat' dir='ltr'>in</span> <span class='ocrx_word' id='word_1_343' title='bbox 1049 4029 1089 4082; x_wconf 90' lang='lat' dir='ltr'>eis</span> <span class='ocrx_word' id='word_1_344' title='bbox 1113 4027 1163 4097; x_wconf 88' lang='lat' dir='ltr'>qui</span> <span class='ocrx_word' id='word_1_345' title='bbox 1185 4028 1238 4083; x_wconf 82' lang='lat' dir='ltr'>soli</span> <span class='ocrx_word' id='word_1_346' title='bbox 1256 4029 1335 4083; x_wconf 84' lang='lat' dir='ltr'>hodie</span> <span class='ocrx_word' id='word_1_347' title='bbox 1353 4041 1422 4094; x_wconf 71' lang='lat' dir='ltr'>supar-</span> <span class='ocrx_word' id='word_1_348' title='bbox 1487 4091 1488 4120; x_wconf 26' lang='grc'>1</span> 
     </span>
     <span class='ocr_line' id='line_1_38' title="bbox 305 4115 1488 4187; baseline -0.001 -20"><span class='ocrx_word' id='word_1_349' title='bbox 305 4116 384 4170; x_wconf 78' lang='lat' dir='ltr'>stitus</span> <span class='ocrx_word' id='word_1_350' title='bbox 412 4121 476 4171; x_wconf 86' lang='lat' dir='ltr'>sunt</span> <span class='ocrx_word' id='word_1_351' title='bbox 501 4119 594 4186; x_wconf 88' lang='lat' dir='ltr'>legum</span> <span class='ocrx_word' id='word_1_352' title='bbox 616 4117 759 4171; x_wconf 88' lang='lat' dir='ltr'>Corneliae</span> <span class='ocrx_word' id='word_1_353' title='bbox 785 4121 813 4170; x_wconf 90' lang='lat' dir='ltr'>et</span> <span class='ocrx_word' id='word_1_354' title='bbox 833 4118 970 4172; x_wconf 85' lang='lat' dir='ltr'>Antoniae</span> <span class='ocrx_word' id='word_1_355' title='bbox 994 4118 1131 4171; x_wconf 87' lang='lat' dir='ltr'>indicibus</span> <span class='ocrx_word' id='word_1_356' title='bbox 1155 4115 1226 4171; x_wconf 90' lang='lat' dir='ltr'>nibil</span> <span class='ocrx_word' id='word_1_357' title='bbox 1249 4117 1422 4187; x_wconf 68' lang='lat' dir='ltr'>praeterhac</span> <span class='ocrx_word' id='word_1_358' title='bbox 1487 4139 1488 4184; x_wconf 64' lang='lat'><em>3</em></span> 
     </span>
     <span class='ocr_line' id='line_1_39' title="bbox 306 4203 1417 4274; baseline -0.004 -18"><span class='ocrx_word' id='word_1_359' title='bbox 306 4207 507 4274; x_wconf 62' lang='lat' dir='ltr'>pisanarum</span> <span class='ocrx_word' id='word_1_360' title='bbox 532 4210 585 4263; x_wconf 58' lang='lat' dir='ltr'>aa:</span> <span class='ocrx_word' id='word_1_361' title='bbox 616 4207 793 4272; x_wconf 74' lang='lat' dir='ltr'>ini-xxo</span> <span class='ocrx_word' id='word_1_362' title='bbox 820 4210 849 4260; x_wconf 68' lang='lat' dir='ltr'>ei</span> <span class='ocrx_word' id='word_1_363' title='bbox 871 4205 1330 4260; x_wconf 70' lang='lat' dir='ltr'>annuamus-Pisinuus</span> <span class='ocrx_word' id='word_1_364' title='bbox 1364 4203 1417 4254; x_wconf 79' lang='lat' dir='ltr'>aa</span> 
     </span>
     <span class='ocr_line' id='line_1_40' title="bbox 305 4294 1488 4364; baseline 0.007 -20"><span class='ocrx_word' id='word_1_365' title='bbox 305 4312 396 4346; x_wconf 82' lang='lat' dir='ltr'>rursus</span> <span class='ocrx_word' id='word_1_366' title='bbox 416 4296 467 4348; x_wconf 82' lang='lat' dir='ltr'>boc</span> <span class='ocrx_word' id='word_1_367' title='bbox 487 4296 662 4364; x_wconf 81' lang='lat' dir='ltr'>perspicitur,</span> <span class='ocrx_word' id='word_1_368' title='bbox 682 4297 715 4350; x_wconf 92' lang='lat' dir='ltr'>de</span> <span class='ocrx_word' id='word_1_369' title='bbox 736 4296 952 4350; x_wconf 77' lang='lat' dir='ltr'>&#39;l&#39;hermcusibus</span> <span class='ocrx_word' id='word_1_370' title='bbox 971 4297 1063 4364; x_wconf 85' lang='lat' dir='ltr'>legem</span> <span class='ocrx_word' id='word_1_371' title='bbox 1083 4295 1162 4350; x_wconf 87' lang='lat' dir='ltr'>illam</span> <span class='ocrx_word' id='word_1_372' title='bbox 1181 4313 1236 4351; x_wconf 90' lang='lat' dir='ltr'>non</span> <span class='ocrx_word' id='word_1_373' title='bbox 1256 4313 1321 4362; x_wconf 87' lang='lat' dir='ltr'>esse,</span> <span class='ocrx_word' id='word_1_374' title='bbox 1338 4294 1367 4347; x_wconf 85' lang='lat' dir='ltr'>de</span> <span class='ocrx_word' id='word_1_375' title='bbox 1382 4305 1420 4356; x_wconf 65' lang='lat' dir='ltr'>qv</span> <span class='ocrx_word' id='word_1_376' title='bbox 1487 4325 1488 4352; x_wconf 75' lang='lat'>1</span> 
     </span>
     <span class='ocr_line' id='line_1_41' title="bbox 305 4379 1488 4454; baseline -0.005 -19"><span class='ocrx_word' id='word_1_377' title='bbox 305 4382 387 4436; x_wconf 77' lang='lat' dir='ltr'>lircile</span> <span class='ocrx_word' id='word_1_378' title='bbox 411 4384 549 4452; x_wconf 78' lang='lat' dir='ltr'>qirispiaru</span> <span class='ocrx_word' id='word_1_379' title='bbox 574 4385 691 4454; x_wconf 79' lang='lat' dir='ltr'>cogitet,</span> <span class='ocrx_word' id='word_1_380' title='bbox 720 4385 871 4440; x_wconf 85' lang='lat' dir='ltr'>Antoniam</span> <span class='ocrx_word' id='word_1_381' title='bbox 896 4385 1053 4440; x_wconf 88' lang='lat' dir='ltr'>Corneliam</span> <span class='ocrx_word' id='word_1_382' title='bbox 1081 4385 1198 4454; x_wconf 84' lang='lat' dir='ltr'>dictam,</span> <span class='ocrx_word' id='word_1_383' title='bbox 1227 4385 1275 4440; x_wconf 84' lang='lat' dir='ltr'>aed</span> <span class='ocrx_word' id='word_1_384' title='bbox 1298 4379 1419 4437; x_wconf 73' lang='lat' dir='ltr'>Antonium</span> <span class='ocrx_word' id='word_1_385' title='bbox 1487 4379 1488 4386; x_wconf 77' lang='grc'>’</span> 
     </span>
     <span class='ocr_line' id='line_1_42' title="bbox 306 4470 475 4540; baseline 0.041 -19"><span class='ocrx_word' id='word_1_386' title='bbox 306 4470 475 4540; x_wconf 81' lang='lat' dir='ltr'>simpliciter.</span> 
     </span>
    </p>
   </div>
   <div class='ocr_carea' id='block_1_7' title="bbox 0 0 1507 5122">
    <p class='ocr_par' dir='ltr' id='par_1_7' title="bbox 0 0 1507 5122">
     <span class='ocr_line' id='line_1_43' title="bbox 0 0 1507 5122; baseline 0 0"><span class='ocrx_word' id='word_1_387' title='bbox 0 0 1507 5122; x_wconf 95' lang='lat' dir='ltr'> </span> 
     </span>
    </p>
   </div>
  </div>
 </body>
</html>
