3020 5118
321 282 383 345 190
465 300 613 346 'rrm'nvs
638 300 829 347 colmanus
853 299 1060 346 nosrnnrns
1083 296 1313 360 summania.

318 442 449 525 vulgato
473 442 532 505 tali
556 442 683 507 libello:
713 442 895 506 ‘lscriaione
925 441 1011 506 della
1039 442 1116 505 base
1141 437 1229 502 della
1253 439 1379 502 celenna
1398 461 1439 502 ro·

319 551 435 632 strata,
463 549 517 632 gia
546 551 598 613 nel
626 549 698 614 foro
723 550 884 632 Romano,
913 549 1056 632 supplita
1085 547 1124 611 ed
1147 545 1336 627 illustrata’,
1361 567 1438 628 quem

318 654 455 718 latinum
483 655 560 719 feeit
584 656 790 721 Abrahamus
818 657 1024 741 Preigerus
1053 655 1088 717 in
1116 652 1248 718 Graevii
1276 651 1441 715 Burmanni·

319 783 378 844 que
394 761 486 826 Thes.
503 762 603 844 antiq.
623 766 656 825 et
673 762 748 828 hist.
771 763 846 826 Ital.
870 764 950 826 tomi
970 761 1015 826 IX
1039 765 1132 845 parte
1147 759 1242 843 VIII,
1266 758 1331 821 fere
1351 758 1380 821 in
1399 779 1439 820 ra-

317 867 429 931 riando
453 889 599 932 sermone
623 872 750 932 tantum
774 869 950 952 leviterque
970 867 1132 930 mutandis
1151 865 1375 930 vocabulorum
1391 863 1441 926 lor-

278 997 304 1033 10
318 975 379 1038 mis
404 974 595 1058 quibusdam
620 997 639 1038 a
663 973 825 1040 Ciacconii
851 973 1083 1058 supplementis
1112 970 1308 1058 discessit*),
1335 994 1386 1035 nec
1410 969 1444 1033 ad

319 1082 532 1144 enarrandum
555 1081 688 1145 titulum
712 1083 884 1165 quiequam
915 1081 1138 1164 contulitque
1162 1081 1232 1145 fieri
1256 1099 1365 1162 operae
1385 1099 1445 1160 pre·

317 1187 399 1250 tium
423 1187 615 1251 censendum
640 1189 691 1253 sit.
739 1189 941 1274 Quamquam
965 1190 1071 1272 ipsum
1096 1209 1172 1252 sane
1196 1187 1336 1270 lapidem
1358 1185 1446 1250 abeo

319 1293 539 1358 examinatum
563 1315 632 1358 esse
657 1317 727 1359 oum
757 1299 844 1359 certo
873 1300 1063 1379 argumento
1088 1293 1297 1380 intellegitur
1319 1293 1351 1356 iu
1376 1291 1446 1376 quod

319 1399 403 1464 infra
431 1400 550 1464 incidet
582 1401 701 1484 oratio,
732 1405 802 1465 tum
832 1402 934 1484 ipsius
968 1402 1157 1466 testimonio
1190 1403 1321 1465 constat
1348 1423 1363 1462 e
1387 1421 1447 1483 quo.

318 1506 422 1590 qualis
445 1510 522 1571 tunc
546 1509 717 1572 marmoris
737 1508 881 1572 condicio
901 1509 1012 1591 fuerit,
1036 1507 1205 1572 commode
1221 1507 1365 1570 discitur.
1396 1504 1448 1579 Qui

318 1612 372 1677 ubi
397 1613 435 1678 de
458 1615 555 1679 titulo
579 1615 611 1679 in
636 1616 791 1680 honorem
815 1614 936 1678 Duellii
960 1615 1045 1678 facto
1070 1613 1231 1695 disseruit,
1266 1611 1389 1676 ‘exstat'
1408 1613 1448 1673 ait

318 1717 392 1782 ‘iste
415 1721 531 1785 titulus
555 1724 588 1786 in
614 1723 683 1786 basi
707 1744 896 1804 marmorea,
923 1722 981 1785 eui
1007 1720 1183 1785 columna
1207 1741 1306 1803 quam
1331 1719 1448 1783 dicimus

320 1827 364 1905 [h.
383 1849 409 1890 e.
429 1834 681 1892 commemorata
700 1851 719 1892 a
739 1828 966 1912 scriptoribus]
991 1828 1176 1910 imposita
1199 1826 1323 1890 fuisse
1346 1825 1449 1888 debet

318 1931 414 1996 Basis
439 1938 547 1997 autem
571 1932 667 2019 (quae
691 1933 832 2016 undique
856 1933 976 1998 detrita
1007 1934 1102 2016 inque
1126 1932 1235 2016 plures
1260 1936 1367 2015 partes
1387 1953 1450 1995 eou-

293 2039 424 2103 1f1·aeta
448 2062 483 2103 ac
509 2039 685 2104 dilacerata
708 2044 758 2103 est
785 2063 843 2123 per
871 2040 1026 2123 temporis
1056 2061 1092 2103 ac
1116 2039 1285 2102 ruinarum
1309 2037 1450 2104 iniuriam.
1496 2070 1499 2079 ·

320 2144 400 2209 adeo
429 2149 465 2208 ut
493 2169 556 2210 non
585 2148 690 2210 solum
719 2149 895 2230 scripturae
928 2147 1123 2230 principium
1157 2168 1194 2210 ae
1227 2145 1321 2227 finis,
1352 2145 1400 2208 sed
1426 2149 1450 2206 et

320 2252 424 2316 multa
447 2253 546 2317 verba
569 2252 621 2316 hie
644 2253 711 2317 illic
735 2253 970 2335 desiderentur,
1001 2253 1049 2316 uti
1077 2274 1231 2336 praesens
1260 2252 1330 2334 ipse
1358 2251 1450 2315 vidisti
1493 2294 1499 2311 .

320 2357 405 2422 haud
430 2359 525 2423 dubie
553 2363 586 2422 et
609 2359 669 2423 hoe
700 2383 793 2424 ame
818 2359 1082 2424 reconcinnatum
1112 2357 1278 2440 exemplar
1305 2358 1450 2423 ostenden
1491 2396 1498 2451 1.

321 2466 414 2528 annis
438 2466 556 2529 abhinc
581 2489 677 2549 quam
699 2466 849 2550 plurimis
874 2489 893 2530 a
913 2466 1112 2530 fodientibus
1131 2469 1253 2528 terram
1273 2470 1396 2548 reperta
1412 2479 1449 2526 est
1493 2518 1498 2528 .

320 2571 465 2654 paullum
495 2573 582 2636 ultra
605 2573 814 2656 imperatoris
839 2571 988 2655 Septimii
1013 2571 1123 2636 Severi
1152 2592 1263 2634 arcum
1291 2570 1449 2654 triumpha·
1492 2566 1498 2601 ²

320 2678 397 2762 lem,
427 2679 571 2762 proxime
600 2680 667 2743 fere
696 2679 879 2743 columnam
909 2680 1000 2742 illam
1025 2678 1220 2760 solitariam,
1255 2699 1337 2761 quae
1360 2698 1450 2759 super·
1492 2690 1497 2703 ·

321 2789 385 2849 stes
411 2787 514 2850 adhuc
543 2788 658 2851 visitur
686 2809 703 2850 e
727 2789 858 2872 regione
887 2788 1042 2850 ecelesiae
1072 2785 1102 2851 S.
1126 2785 1279 2866 Adriani,
1308 2781 1449 2868 cognomi·
1492 2765 1498 2845 f

320 2897 416 2956 natae
439 2895 473 2956 ia
498 2895 595 2958 bibus
618 2895 726 2976 ibris,
749 2895 902 2977 quoniam
926 2895 1032 2957 media
1056 2895 1140 2958 inter
1159 2893 1267 2957 iorum
1287 2891 1449 2957 Romanum
1492 2906 1499 2982 ᾗ

227 2994 231 3002 ’
321 3000 361 3061 ab
391 2998 540 3082 Augusto
575 2999 735 3064 adiectum
773 3006 805 3064 et
837 3000 943 3064 forum
972 2999 1106 3064 Traiani
1140 3004 1172 3062 et
1206 2999 1313 3065 forum
1344 2996 1449 3061 Nersae
1492 2996 1498 3065 ἑ

320 3102 557 3186 Imperatorum
585 3108 691 3191 posita
721 3111 784 3189 cst,
817 3110 931 3190 postea
963 3107 1130 3190 populus
1162 3105 1357 3170 Romanus
1388 3119 1449 3164 ean

412 3335 436 3400 *)
458 3331 537 3396 Quod
556 3334 668 3400 quidem
688 3335 729 3388 ita
748 3352 807 3389 esse
827 3335 894 3389 satis
909 3338 982 3388 tecte
997 3334 1158 3389 dissimulat
1172 3332 1266 3403 potius
1282 3351 1364 3402 quam
1382 3327 1449 3397 signi·

322 3423 399 3488 licat,
419 3438 481 3475 cum
502 3422 647 3476 ‘adhibitis
667 3423 701 3477 iis
719 3424 882 3492 praesertim
903 3423 1094 3491 adminiculis,
1113 3421 1215 3491 quibus
1229 3423 1346 3476 eandem
1359 3415 1449 3486 supple

323 3511 388 3562 runt
410 3527 442 3564 ac
466 3512 698 3566 reconcinnarunt
717 3514 815 3566 Petrus
835 3511 998 3566 Ciaeoonius
1017 3511 1128 3567 Nobilis
1147 3510 1303 3564 Toletanus
1328 3511 1354 3564 et
1370 3507 1448 3560 Frater

323 3596 480 3666 Ouuphrius
506 3600 678 3666 l'anvinius’,
707 3601 865 3655 elaborasse
891 3617 949 3654 sese
977 3600 1073 3654 scribit
1095 3618 1122 3669 p.
1143 3608 1166 3654 5.
1216 3598 1304 3664 Quem
1332 3595 1447 3668 pessime

322 3686 386 3740 fidei
405 3689 545 3742 hominem
565 3689 747 3757 deprehendi,
768 3706 801 3741 ex
816 3707 870 3756 quo
889 3689 1015 3743 intellexi
1034 3688 1149 3742 miliarii
1165 3687 1317 3756 Popilliani
1332 3697 1447 3740 commen·

322 3775 419 3828 tioium
439 3777 663 3844 supplementum
682 3777 765 3846 illud,
794 3778 868 3845 quod
893 3779 928 3830 ad
948 3779 1078 3832 Gozaium
1103 3780 1246 3831 auctorem
1270 3765 1446 3831 referebant

323 3879 421 3918 comm.
441 3867 476 3918 <le
496 3883 528 3919 eo
549 3866 631 3920 titulo
651 3885 738 3936 nuper
757 3867 833 3920 edito
851 3885 879 3935 p.
896 3875 925 3919 ll
949 3868 1046 3937 [supra
1063 3865 1176 3936 p.126],
1201 3883 1336 3920 unacum
1354 3853 1446 3925 reliquis

323 3952 451 4004 omnibus
470 3971 541 4020 quae
560 3957 595 4008 de
614 3955 707 4024 lapide
726 3959 820 4010 narrat
842 3956 1011 4025 transcripta
1035 3973 1092 4010 csse
1112 3975 1126 4010 e
1147 3956 1221 4010 Celsi
1240 3952 1369 4009 Cittadini
1389 3947 1444 4000 librt

324 4055 408 4104 supra
426 4047 641 4096 cornmemorato
661 4062 686 4112 p.
703 4050 736 4096 42
752 4063 791 4110 sq.
820 4044 902 4097 Caius
922 4045 1008 4099 verba
1026 4045 1099 4098 intra
1117 4045 1210 4113 posui:
1233 4043 1288 4097 ‘uu'
1303 4043 1371 4096 altra
1386 4030 1442 4088 iscri-

325 4124 401 4178 zione
421 4129 573 4196 adaquat,
593 4133 699 4185 benehe
723 4132 833 4185 maachi
852 4133 873 4184 il
892 4134 982 4200 primo
1002 4150 1092 4198 verse,
1120 4134 1166 4187 nel
1185 4133 1252 4201 qual
1271 4133 1356 4185 donea
1372 4137 1442 4178 cefff*

325 4213 421 4266 scritto
437 4215 456 4266 il
467 4233 547 4269 nome
562 4218 626 4271 dell'
642 4223 754 4274 auctore
769 4221 797 4273 di
817 4239 884 4288 essa,
903 4221 1072 4275 nondimeno
1092 4240 1142 4292 per
1161 4222 1243 4276 molti
1261 4218 1324 4273 sorti
1341 4234 1355 4269 e
1371 4207 1441 4276 W

325 4300 417 4352 novoli
433 4306 587 4369 argomenti
607 4307 628 4358 si
644 4308 719 4375 ritrat,
739 4311 789 4363 che
809 4328 843 4363 ne
863 4309 934 4364 losse
955 4314 1050 4364 autore
1061 4312 1155 4365 Manio
1166 4305 1372 4378 AquillioGallo
1386 4296 1440 4348 rire·

326 4387 436 4440 console
455 4405 471 4441 o
491 4395 599 4456 pretore
618 4393 645 4445 di
665 4395 760 4449 Sicilia
779 4397 796 4448 l'
817 4415 889 4450 anno
909 4397 938 4450 di
960 4399 1045 4452 Roura
1064 4399 1142 4453 654⁹:
1162 4417 1185 4454 e.
1207 4419 1233 4468 q.
1254 4417 1275 4450 s.
