2984 5122
417 382 699 432 avernaanurvu
723 385 744 432 1.
1092 369 1155 436 501

42 528 120 591 ribus.
161 523 238 592 Cum
262 526 357 590 buius
381 529 491 591 autem
514 526 695 592 sententiae
718 528 952 611 probabilitate
979 527 1066 594 haud
1091 529 1157 594 scio

41 657 72 698 an
90 631 226 717 proximo
253 631 381 698 vinculo
409 631 493 698 alius
521 633 569 698 rei
596 633 744 718 quamvis
773 634 871 700 dubia
899 635 1057 700 memoria
1084 657 1157 701 oon-

40 741 128 804 iuncta
148 741 199 818 sit,
231 740 392 825 adquam
419 761 504 804 nunc
528 743 579 805 est
601 741 842 806 transeundum.
893 740 981 818 Quas
1009 742 1095 806 enim
1123 743 1158 808 in

38 847 149 912 sinistra
169 848 367 913 monumenti
395 851 487 931 parte
515 846 689 930 inscriptas
717 848 784 912 sire
811 846 939 914 litteras
968 850 1035 914 sive
1061 853 1156 915 notas

39 951 213 1018 t·l·XXVI
236 953 413 1039 conspicis,
436 953 514 1037 quid
537 953 668 1018 tandem
692 953 755 1020 sibi
778 954 860 1020 velle
879 955 988 1020 dices?
1021 954 1070 1021 De
1089 957 1156 1040 qui·

37 1059 83 1124 bus
103 1059 213 1124 acriter
235 1059 410 1126 meditatus
438 1060 575 1144 denique
603 1060 649 1124 ‘re
672 1059 706 1126 in
730 1082 841 1126 omncs
864 1066 974 1146 partes
997 1064 1053 1130 diu
1075 1064 1157 1128 mul·

36 1169 147 1251 tumque
164 1163 304 1232 versata'
328 1165 362 1229 in
385 1187 423 1232 eo
447 1165 579 1231 substiti
604 1169 640 1231 ut
662 1166 736 1232 illas
754 1190 821 1234 non
840 1168 906 1234 alio
924 1168 988 1234 nisi
1009 1169 1049 1236 ad
1068 1171 1155 1254 ayss

35 1293 76 1338 nes
85 1274 217 1355 pansam
235 1275 269 1337 et
286 1273 463 1338 mnsam
480 1277 599 1338 sertam
622 1277 768 1359 spectare
791 1273 1026 1362 intellegerem,
1050 1277 1102 1342 rel
1119 1281 1156 1342 ut

34 1379 188 1444 modestius
211 1381 336 1466 loquar,
365 1379 446 1444 mihi
470 1379 596 1444 viderer
618 1380 820 1465 intellegere:
848 1403 924 1446 nam
948 1383 975 1446 si
1000 1382 1078 1468 quid
1100 1405 1156 1450 uo

32 1487 93 1550 sisti
113 1487 226 1552 rectius
246 1487 329 1571 istis,
351 1485 508 1552 felicioris
527 1486 650 1573 ingenii
670 1488 844 1572 sagacitati
864 1489 977 1554 lubens
997 1487 1155 1573 cedam.*)

32 1589 91 1658 Non
110 1593 252 1678 profecto
281 1615 353 1658 eam
381 1593 569 1658 memoriam
598 1593 646 1657 ita
673 1593 970 1678 interpretabimur,
997 1594 1089 1680 quasi
1116 1593 1155 1658 de

31 1698 176 1766 dictatoris
197 1699 383 1787 legionibus
406 1700 551 1784 cogitare
574 1699 685 1766 liceat:
711 1722 771 1766 nee
799 1703 885 1766 enim
909 1705 1001 1766 extra
1022 1699 1154 1766 ltaliam

31 1804 130 1870 bellom
160 1807 230 1892 geri
263 1830 284 1872 a
310 1806 468 1872 dictatore
496 1807 618 1892 potuit,
649 1829 709 1874 nec
741 1809 873 1874 omnino
901 1807 964 1873 ‘rei
992 1808 1155 1894 gerundae

29 1912 134 1976 cauma'
157 1914 281 1978 dictum
309 1912 501 1978 dictatorem
529 1917 620 1979 aetas
647 1913 719 1998 illa,
746 1935 828 2000 quae
855 1913 940 1980 inte'r
962 1937 1066 1982 annos
1089 1914 1155 1980 505

29 2022 54 2082 et
69 2020 124 2085 537
143 2005 314 2086 interiecta
333 2023 396 2103 est,
418 2019 519 2084 ullum
539 2019 621 2084 vidit
639 2020 821 2086 certissimo
840 2023 924 2086 testo
943 2019 1036 2086 Liuio
1050 2019 1155 2106 XXII,

28 2125 91 2189 det
112 2129 163 2192 ll:
195 2125 279 2192 nihil
306 2127 343 2190 ut
368 2125 407 2190 de
431 2124 576 2192 Zonaras
604 2126 734 2193 silentio
762 2126 876 2194 dicam.
926 2129 1031 2194 Immo
1059 2128 1155 2194 binas

28 2231 182 2314 legiones
213 2232 441 2298 consulares
464 2231 726 2318 interpretamur,
749 2213 890 2321 easque
913 2258 988 2302 non
1010 2234 1044 2300 P.
1064 2233 1154 2302 Cor·

27 2340 117 2424 aelii,
138 2340 201 2405 sed
224 2363 246 2405 a
269 2337 312 2404 Μ.
330 2338 498 2404 Minucio
522 2337 557 2406 L.
570 2338 592 2406 f.
616 2340 657 2406 ad
680 2340 888 2408 debellandos
907 2342 1039 2408 Histros
1063 2341 1154 2407 educ·

27 2449 79 2524 tas,
102 2469 166 2532 pro
194 2469 355 2532 quarum
383 2447 551 2514 victoria
580 2451 711 2514 votum
732 2447 893 2514 Herculi
915 2447 1057 2516 Romae
1080 2471 1154 2516 mo·

26 2573 99 2617 rans
120 2553 161 2618 M.
184 2554 377 2619 Minucius
401 2550 435 2620 Ο.
458 2553 480 2619 f.
503 2554 674 2620 dictator
700 2553 848 2620 fecerit.
885 2554 1043 2641 Legiones
1067 2555 1153 2620 enim

26 2660 197 2728 nominatim
226 2659 474 2727 commemorari
502 2663 539 2725 ut
565 2682 685 2726 norum
714 2664 763 2726 est
789 2661 825 2725 in
854 2665 948 2727 tanta
971 2662 1153 2728 votivorum

26 2764 176 2834 titulorum
199 2767 423 2852 multitudine,
455 2767 504 2830 ita
525 2789 583 2832 nec
606 2771 719 2852 suapte
742 2772 861 2833 natura
888 2768 1008 2832 iustam
1036 2790 1074 2833 ea
1101 2790 1153 2832 res

26 2869 174 2940 dubitandi
207 2895 361 2941 caussam
392 2871 506 2966 habet,
541 2895 600 2938 nec
632 2872 808 2958 singularis
840 2871 924 2938 ratio
959 2871 1049 2938 deest
1081 2897 1154 2962 qua,

26 2980 95 3060 quod
116 2981 274 3047 usitatum
297 3002 364 3046 non
388 2985 486 3063 esset,
519 2979 576 3046 illo
604 2979 812 3064 potissimum
839 3001 924 3045 anno
952 2983 987 3042 et
1016 2979 1152 3065 abipso

25 3082 149 3154 llinucio
179 3109 253 3154 esse
279 3086 404 3152 factum
432 3085 637 3152 coniciamus.
683 3083 745 3150 Sed
773 3085 836 3152 buc
866 3085 952 3152 infra
974 3091 1153 3154 revertetur

26 3194 122 3260 oratio.
172 3193 294 3260 Maiori
330 3192 502 3258 offensioni
535 3215 705 3258 numerum
741 3194 886 3258 futurum
920 3217 990 3260 esse
1027 3195 1154 3279 66960πὲ8

25 3297 133 3366 XXVI
150 3301 354 3387 suspicamur
376 3321 436 3384 pro
459 3299 592 3364 illorum
614 3299 744 3384 quidem
762 3303 945 3384 temporum
963 3301 1152 3369 rationibus.

25 3401 86 3472 Non
106 3408 293 3493 ignoramus
317 3406 397 3472 adeo
417 3407 586 3472 erasmae
608 3407 805 3472 mentionem
828 3409 898 3473 fieri
922 3409 956 3473 in
977 3407 1073 3474 titulo
1091 3408 1151 3472 Be·

24 3493 187 3578 neventano
221 3513 264 3578 ab
291 3511 445 3578 Henaeno
475 3511 638 3596 publicato
669 3513 818 3597 syllegae
846 3513 1030 3579 Orellianae
1056 3519 1080 3578 t.
1102 3513 1152 3581 llI

24 3637 47 3678 u.
62 3619 141 3686 6669
155 3642 192 3684 u:
218 3615 889 3685 C·OLODIO·P·F·STE·LEG·XXX
907 3619 919 3704 ΙΙ
935 3617 1153 3685 ΕΤΝΑΙΑΕ-

23 3719 282 3792 erlE·SEX·L
300 3725 312 3810 l
329 3723 556 3791 arenosam
579 3724 591 3809 l
611 3725 764 3790 H·F·C:
792 3725 848 3790 ubi
876 3724 1042 3790 verissime
1065 3723 1151 3790 Hen-

23 3849 104 3896 zenus
131 3832 175 3898 ‘et
202 3831 308 3898 miles'
341 3831 389 3898 ait
421 3831 465 3896 ‘et
492 3831 576 3917 legio
609 3833 800 3916 cognomine
832 3837 977 3898 carentes
1010 3835 1151 3897 aetatem

24 3936 89 4002 salis
120 3941 291 4024 antiquam
322 3935 507 4004 testantur?
559 3935 630 4014 Quo
663 3939 811 4004 accedere
844 3960 908 4003 una
934 3959 951 4002 e
979 3937 1151 4022 glandibus

24 4041 184 4110 missilibus
209 4046 311 4110 videri
333 4049 445 4130 potest
467 4067 487 4111 a
510 4043 666 4110 Caietano
691 4044 729 4109 de
752 4043 879 4109 Minicia
903 4043 999 4110 editis
1022 4044 1055 4110 in
1080 4043 1151 4112 Dis·
1274 4113 1277 4122 Α

24 4151 241 4218 sartationibus
283 4151 468 4218 academiae
508 4151 674 4216 Romanam
714 4150 898 4235 pontificiae
940 4151 1018 4216 anni
1058 4153 1151 4238 1844,

23 4253 95 4320 tXl
116 4280 145 4342 p.
165 4259 230 4324 189
249 4279 333 4344 sqq.:
365 4279 447 4344 quae
475 4259 553 4323 baec
581 4259 632 4322 est
662 4257 696 4322 in
731 4256 857 4322 adiecta
884 4257 997 4323 tabula
1023 4257 1149 4326 chalco·
1165 4285 1187 4326 x

24 4403 221 4422 Ἥ

99 4483 124 4554 ')
143 4485 229 4558 [Vide
246 4487 319 4543 infra
337 4486 479 4557 Supplern
500 4486 538 4542 lll
556 4505 583 4555 p.
598 4483 650 4540 Vll
667 4503 709 4555 sq.
745 4483 774 4540 C.
790 4483 847 4556 W.]
