3020 5118
126 393 279 440 vocabas
303 393 507 440 numnam
533 393 577 440 ET
602 393 632 439 L.
657 393 776 440 accius
801 393 1059 440 ousuunrlcvs.
1119 377 1177 440 llll

48 537 161 601 ratione
188 535 353 619 patefacta
377 536 466 600 eides
495 535 610 600 harum
634 534 843 600 difficultates
868 537 1044 602 formarum
1068 559 1180 602 ornnes

48 643 241 726 complanari.
298 621 483 726 Eademque
514 643 567 706 via
603 641 690 706 haud
721 644 788 708 scio
819 665 860 708 an
893 645 961 708 iure
994 649 1107 710 nostro
1139 643 1179 710 ad

47 749 263 831 expediendam
296 749 521 816 PLOlllVMll
555 751 748 833 scripturam
783 756 914 814 utamur
950 773 1033 835 (puae
1065 757 1115 816 est
1147 751 1178 816 in

47 855 191 939 Scipionis
215 855 353 923 Barbati
383 859 404 924 f.
429 857 590 942 sepulcro:
621 879 698 922 nam
726 880 797 924 cum
822 855 959 922 PLOVS
987 859 1031 922 sit
1059 859 1091 923 in
1121 855 1179 920 SC.

47 963 76 1024 de
96 963 180 1046 Bau,
209 963 454 1030 PLOVRVMA
478 965 512 1028 in
536 987 574 1028 eo
598 965 689 1030 cuius
714 964 824 1048 paullo
849 971 924 1028 ante
948 966 1069 1030 mentio
1093 963 1181 1028 facta

47 1072 276 1154 epigrammate,
305 1071 495 1136 ordiendum
518 1071 647 1135 videtur
675 1095 694 1136 a
719 1071 856 1155 pristinu
884 1073 1022 1156 quadarn
1041 1071 1179 1152 plradru·

47 1197 98 1240 mos
118 1174 183 1262 (vel
208 1179 312 1244 etiarn
337 1177 518 1262 antiquiore
542 1175 744 1260 ploeisumos)
769 1177 887 1260 forma,¹
907 1177 989 1242 unde
1014 1177 1063 1242 vel
1087 1201 1104 1242 r·
1129 1177 1178 1242 vel

48 1285 188 1349 iertrita
218 1286 272 1351 vel
300 1286 473 1368 ploirumos
506 1284 599 1348 fieret
627 1284 676 1348 vel
704 1285 890 1366 plot-nemos.
937 1283 1026 1348 Neve
1060 1285 1178 1368 asperi·

46 1397 131 1454 tatem
152 1391 341 1458 iunctarum
364 1413 400 1456 or
418 1413 572 1457 sonorum
592 1391 791 1472 reformides,
809 1391 1025 1474 reputandum
1045 1397 1178 1458 estnon

47 1497 257 1564 reformidasse
283 1498 427 1584 linguam
451 1499 556 1582 ipsam
584 1497 739 1560 maiorem
763 1497 888 1562 ullaerle
910 1497 1033 1562 formae
1060 1499 1179 1580 asperi·

46 1607 129 1668 tatem
151 1609 288 1670 extrusa
307 1611 342 1670 ut
365 1605 526 1670 rideturo
549 1604 653 1669 vocali
678 1607 783 1686 natae,
807 1625 889 1686 quae
913 1603 946 1668 in
970 1603 1058 1669 Furii
1082 1604 1183 1668 titulo

46 1710 91 1776 illo
112 1711 297 1778 Tusculano
322 1717 437 1778 exstat
482 1711 598 1797 ltaque
626 1733 684 1776 nec
707 1711 839 1776 Fomtos
866 1709 1025 1794 estquod
1049 1731 1178 1794 magno·

47 1837 107 1896 pere
135 1819 267 1900 mirere,
305 1841 364 1884 nec
394 1819 539 1884 Fovlcios
574 1819 695 1882 nimiae
734 1839 804 1883 esse
845 1817 1014 1882 offensioni
1046 1818 1179 1900 patiere.

47 1921 121 1995 Quod
156 1927 214 2009 qui
253 1924 384 1990 tandem
427 1924 532 2008 poesis
566 1923 713 2006 omnino,
750 1947 822 1988 cum
853 1923 887 1988 in
914 1921 1000 1988 haud
1034 1923 1179 1988 suaviore

47 2025 303 2096 NOVNDINVM
340 2029 446 2095 forma
482 2034 713 2102 consonantem
752 2053 821 2094 esse
857 2029 886 2094 V
926 2031 1071 2096 litterum
1107 2031 1179 2115 ipsa

47 2133 116 2198 ratio
138 2137 314 2220 compositi
338 2159 355 2200 e
378 2157 484 2202 amera
507 2143 540 2202 et
562 2138 626 2202 dies
644 2137 793 2202 vocabuli
819 2141 958 2221 arguat?
983 2135 1075 2218 Item,
1094 2137 1178 2222 quic·

47 2261 164 2321 quamne
203 2265 278 2310 esse
311 2243 517 2309 manifestius
554 2247 682 2328 potest,
715 2266 812 2328 quam
846 2265 883 2306 ex
914 2245 1060 2308 orlioeore
1087 2245 1178 2308 verbi

48 2344 270 2430 frequentativo
292 2353 461 2436 udiouilure
478 2348 636 2434 prodiisse
655 2351 833 2414 orlioelare?
857 2347 970 2413 Paullo
990 2349 1055 2414 alio
1076 2351 1179 2430 modo,

49 2450 199 2534 dupliciter
222 2457 350 2524 mollito
370 2459 616 2523 consonantium
636 2479 802 2540 concursu,
826 2479 863 2520 ex
884 2457 991 2536 iorbco,
1015 2457 1099 2540 quod
1120 2457 1179 2522 su

49 2555 77 2620 de
98 2559 165 2628 Bac.
187 2567 341 2648 testatur,
365 2568 422 2628 aut
446 2563 506 2628 iob-
531 2563 679 2628 relictum
703 2567 753 2626 est
777 2563 863 2646 quod
882 2561 1002 2627 mansit
1026 2563 1061 2626 in
1084 2563 1178 2646 iudeo,

50 2669 94 2728 aut
113 2669 170 2732 ioe-
194 2669 282 2754 quod
306 2693 377 2736 curn
401 2671 423 2736 d
445 2669 495 2735 vel
519 2691 536 2732 r
559 2670 638 2734 coiit
657 2669 689 2732 iu
715 2669 828 2732 imuliro
852 2673 884 2730 et
908 2669 1004 2731 iocre:
1039 2669 1094 2732 sed
1118 2669 1180 2734 hoc

50 2775 142 2838 tamen
163 2775 351 2842 discrimine
375 2781 420 2860 ut,
443 2797 516 2840 cum
539 2775 606 2840 illic
630 2797 762 2858 prorsus
785 2777 916 2838 extrusa
939 2797 957 2836 c
982 2774 1092 2840 littera
1111 2777 1179 2840 nul·

52 2875 102 2942 lun
128 2881 174 2946 sui
196 2883 372 2968 uestigium
397 2883 576 2966 reliquerit,
606 2879 749 2944 eiusdem
781 2878 833 2943 hic
857 2879 995 2962 iactura,
1020 2885 1055 2944 ut
1083 2903 1178 2965 saepe

52 2979 161 3070 lactum,
183 2989 343 3071 producta
366 2988 470 3052 vocali
494 2988 541 3052 ita
565 2989 828 3070 compensaretur
852 2989 888 3048 ut
906 3006 964 3067 per
989 2987 1083 3050 indico
1108 2989 1178 3070 iuro,

54 3109 118 3169 quae
137 3117 218 3162 nunc
238 3119 305 3162 non
325 3099 463 3176 exstant,
486 3094 679 3158 transiretur
697 3091 737 3158 ad
758 3093 857 3156 iudico
877 3095 959 3158 iuro:
984 3114 1177 3178 quamquam

55 3194 117 3262 illud
137 3199 228 3268 facile
254 3201 386 3286 largiar,
411 3201 513 3264 multo
536 3199 626 3284 prius
650 3199 729 3264 haec
752 3221 809 3282 per
832 3221 853 3262 u
876 3201 1085 3282 pronuntiata
1109 3225 1177 3265 esse

55 3323 130 3382 quam
152 3309 248 3374 scribi
273 3307 332 3372 0V
356 3307 497 3371 desitum
521 3309 580 3370 est.
626 3305 706 3370 Cum
731 3309 840 3369 autem
862 3305 1024 3388 duplicem
1045 3308 1177 3372 omniuo

58 3407 207 3480 uitalibus
230 3418 319 3482 viam
342 3415 456 3498 lingua
479 3413 682 3498 probaverit:
715 3417 771 3476 aut
795 3415 831 3476 ut
854 3411 997 3478 vocalem
1021 3412 1178 3496 producat

58 3513 119 3578 elisa
143 3521 353 3604 consonanti,
385 3523 443 3586 aut
474 3523 511 3584 ut
542 3519 625 3584 hanc
658 3519 823 3583 adsimilet
854 3519 1035 3602 insequenti
1069 3541 1178 3583 conso

59 3625 140 3687 nanu:
166 3628 254 3694 velut
277 3649 295 3692 e
317 3627 482 3692 red-lutum
506 3629 563 3690 aut
585 3630 635 3689 est
654 3625 784 3688 relatum
809 3625 931 3688 factum
951 3633 1008 3689 aut
1027 3627 1178 3707 rellatum,

60 3723 106 3790 uisi
125 3733 256 3818 quidem,
281 3739 318 3798 ut
339 3733 373 3798 iu
392 3733 488 3814 idbeo,
511 3754 643 3815 prorsus
664 3731 752 3814 prior
771 3751 952 3794 consonans
972 3728 1179 3792 intercideret

62 3829 241 3905 tremum:
278 3839 416 3924 cogitari
449 3841 559 3922 potest
589 3839 688 3903 etiam
722 3836 782 3902 hoc
815 3837 883 3900 lieri
917 3834 1060 3918 potuisse
1093 3837 1128 3896 ut
1161 3857 1178 3898 e

61 3940 181 4012 rulime
207 3948 257 4012 vel
281 3945 436 4028 pouplr'ms
463 3965 529 4010 non
553 3947 680 4008 tantum
708 3943 846 4024 mplius·
869 3939 1014 4022 ,mplius
1036 3937 1179 4020 publium

64 4057 240 4118 nocerentur
273 4051 407 4135 expulsa
434 4073 451 4116 u
479 4055 515 4114 ut
542 4051 576 4113 in
610 4049 689 4112 iubeo
723 4047 821 4126 iubeo,
855 4045 1048 4128 sedetiam,
1077 4047 1114 4108 ut
1146 4044 1178 4110 in

67 4147 154 4220 odico
178 4161 274 4242 rouro,
306 4157 439 4241 expulsa
467 4155 578 4222 latiali
606 4155 716 4220 littera
735 4153 883 4234 poclicus,
905 4150 967 4215 hoc
992 4155 1099 4214 autem
1124 4149 1177 4214 ad·

67 4253 207 4330 similando
229 4265 383 4332 transiret
406 4263 440 4328 in
458 4263 591 4344 pollines
604 4263 757 4345 pullinos:
785 4259 847 4324 nisi
871 4261 980 4322 tamen
1004 4257 1178 4322 verendum

69 4358 98 4424 sit
116 4387 148 4432 ue
169 4372 206 4436 ab
229 4373 321 4440 unius
346 4370 487 4436 Plautini
512 4369 631 4434 codicis
652 4367 797 4453 quamvis
817 4365 1012 4450 praestantis
1031 4364 1093 4428 fide
1112 4387 1177 4428 nou

68 4469 127 4534 solis
143 4481 285 4557 praesidii
305 4485 374 4545 tam
394 4476 550 4564 singulari
569 4477 692 4542 formae
716 4477 866 4559 paratum
885 4475 937 4538 sit
975 4474 1178 4554 Quamquam

109 4593 295 4640 reserrentur
315 4601 449 4638 oevscrua
468 4601 505 4637 rr.
933 4583 962 4628 ll
