3020 5118
124 377 270 424 vocabas
295 377 503 424 cantuarae:
529 377 573 424 ET
600 378 629 424 1..
654 377 775 425 aucn's
799 377 1060 426 adnumeratas,
1110 363 1170 426 157

52 519 182 603 instituit,
213 543 277 585 uon
306 525 355 584 est
383 521 536 584 continuo
565 519 743 585 crenleudua
772 521 862 586 nullo
891 521 1083 600 instituisse,
1116 521 1170 584 sed

50 627 92 690 tali
121 627 221 710 potius
251 627 354 711 quod,
385 649 458 692 cum
494 627 659 712 aliquanto
699 629 798 692 etiam
828 628 982 692 remotius
1011 628 1053 692 nb
1082 629 1171 692 urbis

49 733 253 798 cousuetudine
272 755 370 818 quam
390 735 550 798 maiorum
570 757 645 798 usus
666 745 760 816 esset,
779 734 937 799 minorem
956 735 1053 798 etiam
1074 755 1171 818 quam

48 839 87 903 ille
109 841 140 904 iu
172 841 359 926 aequalium
388 841 512 906 animos
546 841 611 905 nim
641 840 784 906 haberet
834 841 911 906 Fuit
943 847 1051 906 autem
1082 839 1171 920 illud,

47 945 93 1009 nisi
114 969 181 1010 mea
203 969 254 1011 me
274 948 461 1014 coniectura
483 947 578 1031 fallit,
601 947 758 1013 Oscorum
782 949 981 1034 exemplum:
1008 967 1072 1032 quo
1091 946 1170 1010 duce

46 1053 275 1136 geminationem
296 1055 415 1121 Accius
439 1057 564 1140 ascivit,
583 1055 637 1120 ubi
661 1057 702 1122 ab
723 1057 788 1122 illis
806 1054 967 1142 geminari
985 1056 1067 1119 satia
1085 1053 1172 1118 iuter

46 1183 134 1226 omues
152 1165 333 1250 constaret:
362 1185 426 1228 uou
452 1167 502 1228 est
525 1183 622 1228 ausus
646 1164 815 1244 asciscere,
843 1161 898 1240 ubi
923 1160 1063 1226 uovmdi
1088 1161 1171 1246 peri·

45 1267 100 1330 ento
125 1289 162 1332 ne
197 1267 238 1332 ab
273 1269 404 1334 illorum
437 1269 565 1354 quidem
595 1269 789 1334 auctoritate
817 1267 989 1352 quicquam
1016 1267 1170 1352 praesidii

44 1377 168 1454 paratum
200 1395 272 1439 esse
304 1375 477 1445 videretur.
523 1374 597 1440 Nou
626 1379 801 1460 potuerant
829 1381 937 1440 autem
966 1375 1041 1440 Osci
1070 1375 1169 1459 gerui-

43 1502 178 1566 uereque
201 1482 314 1547 littera
337 1482 509 1548 carebant:
533 1487 647 1548 contra
665 1487 699 1547 et
718 1483 746 1547 A
770 1487 803 1546 et
826 1481 854 1546 ll
879 1486 912 1544 ct
931 1481 959 1546 V
979 1482 1169 1562 geminasse,

44 1585 102 1650 item
123 1587 289 1653 caelusal
320 1590 438 1672 vocali,
467 1589 685 1654 Mommseuus
714 1589 808 1654 docet
835 1588 874 1652 do
905 1587 1054 1654 dialectis
1084 1589 1168 1654 libro

43 1713 64 1772 p.
82 1695 147 1758 2²11.

114 1799 197 1875 Quae
220 1801 249 1868 si
269 1801 318 1867 ita
342 1807 425 1886 sunt,
448 1803 620 1888 quidesse
644 1823 777 1868 caussae
801 1802 988 1886 putabimus
1007 1823 1073 1883 cur,
1096 1823 1168 1866 cum

43 1903 66 1966 in
85 1905 205 1990 reliquis
230 1909 369 1974 Accium
393 1910 556 1976 videamus
579 1933 646 1976 uon
663 1914 731 1975 tam
752 1909 941 1995 opposuisse
960 1909 1091 1974 iuventa
1111 1931 1170 1974 sua

43 2011 173 2092 pristinae
196 2017 423 2082 consuetudini
450 2037 548 2102 quam
572 2018 612 2082 ad
636 2039 708 2082 eam
731 2017 840 2082 dedita
864 2037 963 2100 opera
990 2037 1167 2082 accommo-

41 2116 115 2182 dasse
135 2123 253 2205 potius,
273 2129 390 2188 tamen
413 2145 479 2188 uon
504 2125 681 2208 susceperit
705 2145 794 2188 more
819 2123 978 2188 maiorum
998 2123 1168 2206 probatam

43 2221 87 2286 (Ν
115 2227 366 2315 diphthongum,
398 2253 461 2316 qua
488 2233 667 2316 antiquitus
695 2231 802 2296 notari
826 2231 957 2314 longam
980 2251 1002 2294 a
1026 2231 1168 2295 vocalem

42 2336 194 2400 eommunis
218 2338 333 2422 opinio
358 2337 429 2402 est?
466 2338 516 2403 Ea
539 2345 647 2404 antem
671 2337 742 2422 ipsa
768 2337 879 2422 opinio
903 2341 1067 2402 auctorem
1092 2360 1169 2402 smne

42 2435 156 2508 llarium
178 2443 383 2509 Victorinum
408 2443 522 2528 habet,
550 2445 597 2508 sie
620 2449 795 2510 testantem
825 2467 856 2528 p.
879 2445 966 2509 2459
992 2443 1025 2510 P.
1053 2445 1093 2509 12
1117 2447 1170 2512 u:

41 2548 104 2622 ped
121 2551 203 2630 apud
223 2551 297 2617 illos
314 2551 468 2636 (Graecos
488 2551 581 2636 dicit)
600 2552 740 2616 inunctum
761 2575 779 2616 υ
803 2552 958 2616 litterano
979 2553 1057 2633 fucit
1074 2555 1168 2636 sylle-

43 2649 104 2734 lam,
123 2660 217 2722 noea
238 2661 344 2742 etiam,
365 2660 504 2740 quotiens
525 2659 657 2722 einnsdm
675 2661 744 2722 soni
763 2657 854 2742 lmnpa
872 2657 992 2740 syllaba
1010 2659 1168 2724 smibordo

43 2765 143 2844 aaa
159 2766 219 2846 ipsi
236 2765 447 2847 adirsnpelnant
465 2787 484 2828 0
504 2765 636 2828 litteram
652 2764 784 2850 (litterae
803 2786 972 2848 perperam
988 2766 1167 2850 vulgaturl:

43 2863 97 2926 inde
111 2871 253 2952 sosptem
273 2871 372 2954 lepitis
391 2871 586 2936 Loncelioa
607 2874 783 2936 acontius
807 2877 835 2935 et
854 2873 996 2937 lonnnuna
1018 2878 1047 2937 ct
1064 2879 1167 2938 celere.
1200 2913 1221 2922 -

45 2965 92 3034 Sed
107 2975 210 3042 eadam
230 2983 343 3042 tamen
361 2978 527 3064 graviores
547 2979 645 3042 etiam
665 2976 812 3044 Mariana
830 2979 1024 3044 sucurritatc
1043 2981 1166 3046 dubita-
1182 2995 1207 3034 ³⁴

44 3076 126 3143 tiones
147 3081 252 3150 habet
301 3084 350 3150 Ao
373 3085 513 3170 primum
533 3087 677 3150 animum
705 3085 845 3151 advertit
868 3107 1076 3170 magnanon
1099 3093 1167 3153 tam

46 3181 126 3264 ipsius
150 3191 268 3257 raritas
300 3193 494 3276 scripturae,
526 3214 624 3276 quam
652 3193 884 3258 vocabulorum
917 3195 1063 3277 paucitas
1096 3217 1166 3260 enirn

47 3309 196 3369 ramorum
244 3297 346 3364 Velut
370 3321 425 3364 cur
449 3321 513 3364 uon
538 3299 775 3366 VlltTOVTEl
800 3298 986 3390 Mluovup
1011 3299 1165 3365 l'Etltll'·

47 3392 135 3465 NIAM
177 3404 355 3471 NOVGES
402 3405 598 3470 SOLOVTO
640 3405 896 3472 POVllGATOS
934 3405 1166 3472 Fovn'lulvs

48 3497 316 3577 FORTOVNATA
339 3511 583 3578 MATOVTAE
608 3512 833 3598 scriptumest
856 3513 888 3576 iu
912 3513 1033 3578 eisdem
1058 3538 1166 3580 monnu-

48 3615 140 3678 ueutis
161 3617 227 3684 illis
258 3641 328 3703 cap.
352 3619 366 3682 l
391 3620 668 3704 commemoratis,
691 3621 725 3684 iu
754 3621 870 3704 quibus
899 3625 1028 3705 praeter
1056 3623 1164 3702 singu-

47 3711 108 3782 laria
127 3721 277 3790 NOVND
302 3725 469 3790 ADIOV'I'
492 3725 637 3792 FOVLV
658 3724 829 3792 CLOVAO
854 3727 1026 3792 undeciens
1052 3727 1165 3792 FOVlt

48 3823 120 3909 redit,
144 3835 257 3914 quater
281 3830 416 3916 Deve,
440 3837 490 3898 ter
513 3831 637 3914 LOVO,
660 3839 710 3898 ter
733 3833 884 3919 (suove,
906 3838 1022 3918 quater
1045 3831 1166 3916 PLOV,

50 3923 106 3994 item
134 3935 181 4000 bis
212 3937 378 4004 POVBL?
423 3945 459 4004 ut
491 3941 620 4004 mittam
653 3941 873 4026 frequentatas
907 3941 1031 4005 lovss
1059 3939 1165 4005 IOVR

51 4029 131 4101 ltJVD
152 4045 299 4126 syllabas.
336 4045 430 4110 Vnde
449 4047 596 4132 profecto
620 4049 652 4112 iu
676 4052 828 4132 promptu
853 4053 903 4112 cst
921 4047 1076 4129 conicere,
1099 4069 1165 4112 cer·

53 4141 87 4200 tes
113 4149 333 4218 vocabulorum
367 4152 487 4238 stirpes
521 4153 676 4238 quasdam
710 4153 874 4218 exstitisse
902 4154 1066 4238 propriam
1102 4155 1163 4219 sibi

54 4244 93 4306 ov
112 4250 283 4324 litterarum
307 4259 495 4325 societatem
520 4266 635 4345 suapte
658 4264 773 4325 natura
796 4265 828 4326 et
852 4260 976 4348 origiue
1000 4261 1163 4327 vindican-

55 4362 95 4418 tes,
122 4356 237 4428 Deinde
260 4387 332 4430 cum
356 4365 652 4450 exploratissimum
677 4369 721 4432 sit
745 4369 994 4454 antiquiorcmo
1018 4371 1162 4435 vocalem

55 4469 161 4530 cessisse
183 4472 351 4536 recentiori
370 4495 405 4556 u,
433 4497 499 4540 uou
518 4479 626 4540 autem
646 4475 810 4541 contraria
834 4477 886 4543 via
910 4477 1053 4562 linguam
1077 4477 1118 4540 ab
1143 4499 1162 4540 n
