<?xml version="1.0" encoding="UTF-8"?>
<!DOCTYPE html PUBLIC "-//W3C//DTD XHTML 1.0 Transitional//EN"
    "http://www.w3.org/TR/xhtml1/DTD/xhtml1-transitional.dtd">
<html xmlns="http://www.w3.org/1999/xhtml" xml:lang="en" lang="en">
 <head>
  <title>
</title>
<meta http-equiv="Content-Type" content="text/html;charset=utf-8" />
  <meta name='ocr-system' content='tesseract 3.04.00' />
  <meta name='ocr-capabilities' content='ocr_page ocr_carea ocr_par ocr_line ocrx_word'/>
</head>
<body>
  <div class='ocr_page' id='page_1' title='image "./fridericiritsch03ritsgoog_0333.png"; bbox 0 0 3008 5118; ppageno 0'>
   <div class='ocr_carea' id='block_1_1' title="bbox 320 361 1197 427">
    <p class='ocr_par' dir='ltr' id='par_1_1' title="bbox 320 361 1197 427">
     <span class='ocr_line' id='line_1_1' title="bbox 320 361 1197 427; baseline 0.001 -2"><span class='ocrx_word' id='word_1_1' title='bbox 320 361 385 426; x_wconf 83' lang='grc'><strong>298</strong></span> <span class='ocrx_word' id='word_1_2' title='bbox 591 378 713 426; x_wconf 72' lang='lat' dir='ltr'><strong>nonus</strong></span> <span class='ocrx_word' id='word_1_3' title='bbox 737 378 935 427; x_wconf 68' lang='lat' dir='ltr'><strong>servamus</strong></span> <span class='ocrx_word' id='word_1_4' title='bbox 961 378 1197 427; x_wconf 79' lang='lat' dir='ltr'><strong>sercuaurvn.</strong></span> 
     </span>
    </p>
   </div>
   <div class='ocr_carea' id='block_1_2' title="bbox 319 519 1436 710">
    <p class='ocr_par' dir='ltr' id='par_1_2' title="bbox 319 519 1436 710">
     <span class='ocr_line' id='line_1_2' title="bbox 319 519 1435 607; baseline 0.004 -23"><span class='ocrx_word' id='word_1_5' title='bbox 319 519 430 586; x_wconf 85' lang='lat' dir='ltr'><strong>Livius</strong></span> <span class='ocrx_word' id='word_1_6' title='bbox 458 521 527 601; x_wconf 90' lang='lat' dir='ltr'><strong>XL,</strong></span> <span class='ocrx_word' id='word_1_7' title='bbox 550 521 593 586; x_wconf 79' lang='lat'><strong>52</strong></span> <span class='ocrx_word' id='word_1_8' title='bbox 622 526 655 586; x_wconf 88' lang='lat' dir='ltr'><strong>et</strong></span> <span class='ocrx_word' id='word_1_9' title='bbox 683 520 770 605; x_wconf 86' lang='lat' dir='ltr'>XLI,</span> <span class='ocrx_word' id='word_1_10' title='bbox 794 521 837 587; x_wconf 79' lang='lat'><strong>28</strong></span> <span class='ocrx_word' id='word_1_11' title='bbox 865 522 1039 586; x_wconf 82' lang='lat' dir='ltr'>memoriae</span> <span class='ocrx_word' id='word_1_12' title='bbox 1072 521 1230 607; x_wconf 74' lang='lat' dir='ltr'><strong>prodidit:</strong></span> <span class='ocrx_word' id='word_1_13' title='bbox 1262 527 1351 607; x_wconf 84' lang='lat' dir='ltr'><strong>atque</strong></span> <span class='ocrx_word' id='word_1_14' title='bbox 1375 523 1435 588; x_wconf 86' lang='lat' dir='ltr'><strong>adeo</strong></span> 
     </span>
     <span class='ocr_line' id='line_1_3' title="bbox 319 626 1436 710; baseline 0.003 -19"><span class='ocrx_word' id='word_1_15' title='bbox 319 627 360 692; x_wconf 92' lang='lat' dir='ltr'><strong>ab</strong></span> <span class='ocrx_word' id='word_1_16' title='bbox 385 627 496 693; x_wconf 89' lang='lat' dir='ltr'><strong>codem</strong></span> <span class='ocrx_word' id='word_1_17' title='bbox 520 627 614 695; x_wconf 84' lang='lat' dir='ltr'><strong>Livio</strong></span> <span class='ocrx_word' id='word_1_18' title='bbox 638 628 700 710; x_wconf 88' lang='lat' dir='ltr'><strong>VI,</strong></span> <span class='ocrx_word' id='word_1_19' title='bbox 723 629 765 693; x_wconf 83' lang='lat'><strong>29</strong></span> <span class='ocrx_word' id='word_1_20' title='bbox 795 633 1082 694; x_wconf 89' lang='lat' dir='ltr'><strong>commemoratum</strong></span> <span class='ocrx_word' id='word_1_21' title='bbox 1112 629 1148 694; x_wconf 84' lang='lat' dir='ltr'><strong>T.</strong></span> <span class='ocrx_word' id='word_1_22' title='bbox 1172 628 1315 706; x_wconf 82' lang='lat' dir='ltr'><strong>Quinctii</strong></span> <span class='ocrx_word' id='word_1_23' title='bbox 1336 626 1436 694; x_wconf 85' lang='lat' dir='ltr'><strong>Cincin·</strong></span> 
     </span>
    </p>
   </div>
   <div class='ocr_carea' id='block_1_3' title="bbox 318 715 1500 928">
    <p class='ocr_par' dir='ltr' id='par_1_3' title="bbox 318 715 1500 928">
     <span class='ocr_line' id='line_1_4' title="bbox 318 715 1500 832; baseline 0.001 -34"><span class='ocrx_word' id='word_1_24' title='bbox 318 735 401 819; x_wconf 87' lang='lat' dir='ltr'><strong>nati,</strong></span> <span class='ocrx_word' id='word_1_25' title='bbox 432 735 600 801; x_wconf 90' lang='lat' dir='ltr'><strong>dictatoris</strong></span> <span class='ocrx_word' id='word_1_26' title='bbox 624 759 652 802; x_wconf 91' lang='lat' dir='ltr'><strong>a.</strong></span> <span class='ocrx_word' id='word_1_27' title='bbox 672 737 750 819; x_wconf 80' lang='lat'><strong>374,</strong></span> <span class='ocrx_word' id='word_1_28' title='bbox 779 715 819 800; x_wconf 80' lang='lat' dir='ltr'><strong>de</strong></span> <span class='ocrx_word' id='word_1_29' title='bbox 847 736 1013 820; x_wconf 89' lang='lat' dir='ltr'><strong>triumpho</strong></span> <span class='ocrx_word' id='word_1_30' title='bbox 1041 736 1254 802; x_wconf 88' lang='lat' dir='ltr'><strong>Praenestino</strong></span> <span class='ocrx_word' id='word_1_31' title='bbox 1282 758 1437 801; x_wconf 85' lang='lat' dir='ltr'><strong>monumen·</strong></span> <span class='ocrx_word' id='word_1_32' title='bbox 1499 803 1500 832; x_wconf 50' lang='lat'><strong>.</strong></span> 
     </span>
     <span class='ocr_line' id='line_1_5' title="bbox 318 843 1500 928; baseline -0.001 -21"><span class='ocrx_word' id='word_1_33' title='bbox 318 847 387 907; x_wconf 89' lang='lat' dir='ltr'><strong>tum</strong></span> <span class='ocrx_word' id='word_1_34' title='bbox 408 843 448 908; x_wconf 90' lang='lat' dir='ltr'><strong>ad</strong></span> <span class='ocrx_word' id='word_1_35' title='bbox 467 843 551 908; x_wconf 93' lang='lat' dir='ltr'><strong>idem</strong></span> <span class='ocrx_word' id='word_1_36' title='bbox 571 865 672 928; x_wconf 88' lang='lat' dir='ltr'><strong>genus</strong></span> <span class='ocrx_word' id='word_1_37' title='bbox 689 866 756 909; x_wconf 91' lang='lat' dir='ltr'><strong>non</strong></span> <span class='ocrx_word' id='word_1_38' title='bbox 780 843 849 908; x_wconf 87' lang='lat' dir='ltr'><strong>sine</strong></span> <span class='ocrx_word' id='word_1_39' title='bbox 869 843 976 928; x_wconf 88' lang='lat' dir='ltr'><strong>specie</strong></span> <span class='ocrx_word' id='word_1_40' title='bbox 995 848 1032 909; x_wconf 92' lang='lat' dir='ltr'><strong>ut</strong></span> <span class='ocrx_word' id='word_1_41' title='bbox 1050 847 1201 928; x_wconf 89' lang='lat' dir='ltr'><strong>putamus</strong></span> <span class='ocrx_word' id='word_1_42' title='bbox 1225 844 1440 928; x_wconf 70' lang='lat' dir='ltr'><strong>probabilitatis</strong></span> <span class='ocrx_word' id='word_1_43' title='bbox 1499 843 1500 896; x_wconf 70' lang='lat' dir='ltr'><strong>l</strong></span> 
     </span>
    </p>
   </div>
   <div class='ocr_carea' id='block_1_4' title="bbox 318 947 1442 1141">
    <p class='ocr_par' dir='ltr' id='par_1_4' title="bbox 318 947 1442 1141">
     <span class='ocr_line' id='line_1_6' title="bbox 318 947 885 1034; baseline -0.002 -20"><span class='ocrx_word' id='word_1_44' title='bbox 318 954 395 1034; x_wconf 89' lang='lat' dir='ltr'><strong>post</strong></span> <span class='ocrx_word' id='word_1_45' title='bbox 417 947 633 1015; x_wconf 89' lang='lat' dir='ltr'><strong>Niebuhrium</strong></span> <span class='ocrx_word' id='word_1_46' title='bbox 656 950 885 1015; x_wconf 89' lang='lat' dir='ltr'><strong>referebamus.</strong></span> 
     </span>
     <span class='ocr_line' id='line_1_7' title="bbox 406 1055 1442 1141; baseline 0.001 -21"><span class='ocrx_word' id='word_1_47' title='bbox 406 1056 455 1120; x_wconf 80' lang='lat' dir='ltr'><strong>Fls</strong></span> <span class='ocrx_word' id='word_1_48' title='bbox 480 1056 531 1121; x_wconf 91' lang='lat' dir='ltr'><strong>his</strong></span> <span class='ocrx_word' id='word_1_49' title='bbox 556 1057 663 1122; x_wconf 90' lang='lat' dir='ltr'><strong>titulis</strong></span> <span class='ocrx_word' id='word_1_50' title='bbox 688 1059 765 1141; x_wconf 91' lang='lat' dir='ltr'><strong>quin</strong></span> <span class='ocrx_word' id='word_1_51' title='bbox 789 1062 822 1123; x_wconf 91' lang='lat' dir='ltr'><strong>et</strong></span> <span class='ocrx_word' id='word_1_52' title='bbox 845 1056 1098 1141; x_wconf 82' lang='lat' dir='ltr'><strong>Sempronianus</strong></span> <span class='ocrx_word' id='word_1_53' title='bbox 1127 1061 1160 1121; x_wconf 86' lang='lat' dir='ltr'><strong>et</strong></span> <span class='ocrx_word' id='word_1_54' title='bbox 1183 1055 1380 1122; x_wconf 76' lang='lat' dir='ltr'><strong>Aemilianus</strong></span> <span class='ocrx_word' id='word_1_55' title='bbox 1402 1057 1442 1122; x_wconf 82' lang='lat' dir='ltr'><strong>Sa·</strong></span> 
     </span>
    </p>
   </div>
   <div class='ocr_carea' id='block_1_5' title="bbox 1498 1025 1500 1050">
    <p class='ocr_par' dir='ltr' id='par_1_5' title="bbox 1498 1025 1500 1050">
     <span class='ocr_line' id='line_1_8' title="bbox 1498 1025 1500 1034; baseline 0 0"><span class='ocrx_word' id='word_1_56' title='bbox 1498 1025 1500 1034; x_wconf 74' lang='lat' dir='ltr'><strong>i</strong></span> 
     </span>
     <span class='ocr_line' id='line_1_9' title="bbox 1498 1039 1499 1050; baseline 0 0"><span class='ocrx_word' id='word_1_57' title='bbox 1498 1039 1499 1050; x_wconf 72' lang='lat' dir='ltr'><strong>t</strong></span> 
     </span>
    </p>
   </div>
   <div class='ocr_carea' id='block_1_6' title="bbox 319 1162 1499 1248">
    <p class='ocr_par' dir='ltr' id='par_1_6' title="bbox 319 1162 1499 1248">
     <span class='ocr_line' id='line_1_10' title="bbox 319 1162 1499 1248; baseline 0.001 -21"><span class='ocrx_word' id='word_1_58' title='bbox 319 1163 445 1228; x_wconf 90' lang='lat' dir='ltr'><strong>turnios</strong></span> <span class='ocrx_word' id='word_1_59' title='bbox 468 1186 580 1229; x_wconf 89' lang='lat' dir='ltr'><strong>versus</strong></span> <span class='ocrx_word' id='word_1_60' title='bbox 604 1186 682 1248; x_wconf 89' lang='lat' dir='ltr'><strong>prae</strong></span> <span class='ocrx_word' id='word_1_61' title='bbox 702 1187 736 1228; x_wconf 86' lang='lat' dir='ltr'><strong>se</strong></span> <span class='ocrx_word' id='word_1_62' title='bbox 755 1163 890 1247; x_wconf 87' lang='lat' dir='ltr'><strong>ferrent,</strong></span> <span class='ocrx_word' id='word_1_63' title='bbox 913 1185 972 1228; x_wconf 87' lang='lat' dir='ltr'><strong>nec</strong></span> <span class='ocrx_word' id='word_1_64' title='bbox 991 1163 1059 1228; x_wconf 89' lang='lat' dir='ltr'><strong>fere</strong></span> <span class='ocrx_word' id='word_1_65' title='bbox 1079 1162 1263 1228; x_wconf 72' lang='lat' dir='ltr'><strong>dubitatum</strong></span> <span class='ocrx_word' id='word_1_66' title='bbox 1284 1167 1334 1228; x_wconf 87' lang='lat' dir='ltr'><strong>est</strong></span> <span class='ocrx_word' id='word_1_67' title='bbox 1351 1187 1368 1228; x_wconf 91' lang='lat' dir='ltr'><strong>a</strong></span> <span class='ocrx_word' id='word_1_68' title='bbox 1384 1186 1441 1247; x_wconf 84' lang='lat' dir='ltr'><strong>qno</strong></span> <span class='ocrx_word' id='word_1_69' title='bbox 1498 1204 1499 1215; x_wconf 71' lang='lat'><strong>.</strong></span> 
     </span>
    </p>
   </div>
   <div class='ocr_carea' id='block_1_7' title="bbox 318 1269 1442 1674">
    <p class='ocr_par' dir='ltr' id='par_1_7' title="bbox 318 1269 1442 1674">
     <span class='ocr_line' id='line_1_11' title="bbox 318 1269 1441 1355; baseline -0.001 -22"><span class='ocrx_word' id='word_1_70' title='bbox 318 1293 414 1354; x_wconf 92' lang='lat' dir='ltr'><strong>quam</strong></span> <span class='ocrx_word' id='word_1_71' title='bbox 438 1292 497 1334; x_wconf 91' lang='lat' dir='ltr'><strong>nec</strong></span> <span class='ocrx_word' id='word_1_72' title='bbox 519 1270 615 1335; x_wconf 89' lang='lat' dir='ltr'><strong>facile</strong></span> <span class='ocrx_word' id='word_1_73' title='bbox 639 1270 746 1355; x_wconf 90' lang='lat' dir='ltr'><strong>potuit</strong></span> <span class='ocrx_word' id='word_1_74' title='bbox 769 1269 925 1334; x_wconf 89' lang='lat' dir='ltr'><strong>dubitari:</strong></span> <span class='ocrx_word' id='word_1_75' title='bbox 954 1269 1081 1354; x_wconf 90' lang='lat' dir='ltr'><strong>quando</strong></span> <span class='ocrx_word' id='word_1_76' title='bbox 1110 1274 1143 1334; x_wconf 89' lang='lat' dir='ltr'><strong>et</strong></span> <span class='ocrx_word' id='word_1_77' title='bbox 1166 1270 1268 1353; x_wconf 92' lang='lat' dir='ltr'><strong>ipsius</strong></span> <span class='ocrx_word' id='word_1_78' title='bbox 1293 1269 1441 1334; x_wconf 79' lang='lat' dir='ltr'><strong>Aemiliani</strong></span> 
     </span>
     <span class='ocr_line' id='line_1_12' title="bbox 318 1373 1442 1461; baseline -0.002 -21"><span class='ocrx_word' id='word_1_79' title='bbox 318 1377 512 1460; x_wconf 90' lang='lat' dir='ltr'><strong>principium</strong></span> <span class='ocrx_word' id='word_1_80' title='bbox 544 1399 611 1461; x_wconf 88' lang='lat' dir='ltr'><strong>pro</strong></span> <span class='ocrx_word' id='word_1_81' title='bbox 633 1376 780 1459; x_wconf 83' lang='lat' dir='ltr'><strong>exemplo</strong></span> <span class='ocrx_word' id='word_1_82' title='bbox 814 1375 909 1441; x_wconf 89' lang='lat' dir='ltr'><strong>metri</strong></span> <span class='ocrx_word' id='word_1_83' title='bbox 939 1373 1083 1439; x_wconf 84' lang='lat' dir='ltr'><strong>Saturnii</strong></span> <span class='ocrx_word' id='word_1_84' title='bbox 1112 1375 1235 1441; x_wconf 87' lang='lat' dir='ltr'><strong>Atilius</strong></span> <span class='ocrx_word' id='word_1_85' title='bbox 1264 1374 1442 1456; x_wconf 85' lang='lat' dir='ltr'><strong>Fortunatia-</strong></span> 
     </span>
     <span class='ocr_line' id='line_1_13' title="bbox 318 1469 1441 1567; baseline 0.001 -21"><span class='ocrx_word' id='word_1_86' title='bbox 318 1505 378 1547; x_wconf 91' lang='lat' dir='ltr'><strong>nus</strong></span> <span class='ocrx_word' id='word_1_87' title='bbox 401 1506 431 1567; x_wconf 93' lang='lat' dir='ltr'><strong>p.</strong></span> <span class='ocrx_word' id='word_1_88' title='bbox 451 1483 539 1548; x_wconf 79' lang='lat'>2680</span> <span class='ocrx_word' id='word_1_89' title='bbox 562 1484 597 1549; x_wconf 91' lang='grc' dir='ltr'><strong>Ρ.</strong></span> <span class='ocrx_word' id='word_1_90' title='bbox 620 1483 732 1567; x_wconf 82' lang='lat' dir='ltr'><strong>posuit</strong></span> <span class='ocrx_word' id='word_1_91' title='bbox 760 1487 793 1547; x_wconf 88' lang='lat' dir='ltr'><strong>et</strong></span> <span class='ocrx_word' id='word_1_92' title='bbox 816 1483 853 1547; x_wconf 92' lang='lat' dir='ltr'><strong>de</strong></span> <span class='ocrx_word' id='word_1_93' title='bbox 877 1505 966 1549; x_wconf 89' lang='lat' dir='ltr'><strong>more</strong></span> <span class='ocrx_word' id='word_1_94' title='bbox 990 1469 1098 1547; x_wconf 74' lang='lat' dir='ltr'><strong>‘duces</strong></span> <span class='ocrx_word' id='word_1_95' title='bbox 1121 1481 1288 1548; x_wconf 84' lang='lat' dir='ltr'><strong>Romanos</strong></span> <span class='ocrx_word' id='word_1_96' title='bbox 1312 1485 1441 1548; x_wconf 80' lang='lat' dir='ltr'><strong>uictoriae</strong></span> 
     </span>
     <span class='ocr_line' id='line_1_14' title="bbox 319 1589 1442 1674; baseline 0.001 -21"><span class='ocrx_word' id='word_1_97' title='bbox 319 1611 396 1653; x_wconf 91' lang='lat' dir='ltr'><strong>suae</strong></span> <span class='ocrx_word' id='word_1_98' title='bbox 419 1589 533 1656; x_wconf 88' lang='lat' dir='ltr'><strong>titulos</strong></span> <span class='ocrx_word' id='word_1_99' title='bbox 550 1590 709 1656; x_wconf 85' lang='lat' dir='ltr'><strong>Saturniis</strong></span> <span class='ocrx_word' id='word_1_100' title='bbox 729 1590 876 1655; x_wconf 88' lang='lat' dir='ltr'><strong>uersibus</strong></span> <span class='ocrx_word' id='word_1_101' title='bbox 896 1594 1085 1674; x_wconf 88' lang='lat' dir='ltr'><strong>prosecutos</strong></span> <span class='ocrx_word' id='word_1_102' title='bbox 1105 1612 1175 1655; x_wconf 84' lang='lat' dir='ltr'><strong>esse</strong></span> <span class='ocrx_word' id='word_1_103' title='bbox 1194 1590 1228 1654; x_wconf 92' lang='lat' dir='ltr'><strong>in</strong></span> <span class='ocrx_word' id='word_1_104' title='bbox 1246 1591 1366 1655; x_wconf 89' lang='lat' dir='ltr'><strong>tabulis</strong></span> <span class='ocrx_word' id='word_1_105' title='bbox 1382 1613 1442 1674; x_wconf 85' lang='lat' dir='ltr'><strong>quas</strong></span> 
     </span>
    </p>
   </div>
   <div class='ocr_carea' id='block_1_8' title="bbox 319 1695 1496 1784">
    <p class='ocr_par' dir='ltr' id='par_1_8' title="bbox 319 1695 1496 1784">
     <span class='ocr_line' id='line_1_15' title="bbox 319 1695 1496 1784; baseline -0.001 -24"><span class='ocrx_word' id='word_1_106' title='bbox 319 1697 354 1761; x_wconf 94' lang='lat' dir='ltr'><strong>in</strong></span> <span class='ocrx_word' id='word_1_107' title='bbox 377 1695 539 1782; x_wconf 81' lang='lat' dir='ltr'><strong>Capitolio</strong></span> <span class='ocrx_word' id='word_1_108' title='bbox 564 1696 724 1784; x_wconf 81' lang='lat' dir='ltr'><strong>figerent&#39;,</strong></span> <span class='ocrx_word' id='word_1_109' title='bbox 748 1697 833 1761; x_wconf 91' lang='lat' dir='ltr'><strong>idem</strong></span> <span class='ocrx_word' id='word_1_110' title='bbox 856 1702 970 1781; x_wconf 88' lang='lat' dir='ltr'><strong>aperto</strong></span> <span class='ocrx_word' id='word_1_111' title='bbox 989 1697 1177 1763; x_wconf 83' lang='lat' dir='ltr'><strong>testimonio</strong></span> <span class='ocrx_word' id='word_1_112' title='bbox 1201 1697 1381 1763; x_wconf 76' lang='lat' dir='ltr'><strong>declaravit.</strong></span> <span class='ocrx_word' id='word_1_113' title='bbox 1411 1697 1441 1760; x_wconf 85' lang='lat' dir='ltr'><strong>Et</strong></span> <span class='ocrx_word' id='word_1_114' title='bbox 1492 1740 1496 1753; x_wconf 84' lang='lat'><strong>.</strong></span> 
     </span>
    </p>
   </div>
   <div class='ocr_carea' id='block_1_9' title="bbox 292 1803 1442 2424">
    <p class='ocr_par' dir='ltr' id='par_1_9' title="bbox 292 1803 1442 2424">
     <span class='ocr_line' id='line_1_16' title="bbox 292 1803 1441 1890; baseline 0.002 -26"><span class='ocrx_word' id='word_1_115' title='bbox 292 1808 430 1868; x_wconf 76' lang='lat' dir='ltr'><strong>stamen</strong></span> <span class='ocrx_word' id='word_1_116' title='bbox 458 1827 569 1870; x_wconf 87' lang='lat' dir='ltr'><strong>versus</strong></span> <span class='ocrx_word' id='word_1_117' title='bbox 599 1828 668 1870; x_wconf 86' lang='lat' dir='ltr'><strong>esse</strong></span> <span class='ocrx_word' id='word_1_118' title='bbox 697 1828 777 1890; x_wconf 89' lang='lat' dir='ltr'><strong>quos</strong></span> <span class='ocrx_word' id='word_1_119' title='bbox 805 1805 978 1889; x_wconf 81' lang='lat' dir='ltr'><strong>perscribit</strong></span> <span class='ocrx_word' id='word_1_120' title='bbox 1010 1805 1099 1869; x_wconf 92' lang='lat' dir='ltr'><strong>nullo</strong></span> <span class='ocrx_word' id='word_1_121' title='bbox 1123 1803 1237 1870; x_wconf 85' lang='lat' dir='ltr'><strong>Livius</strong></span> <span class='ocrx_word' id='word_1_122' title='bbox 1270 1805 1340 1888; x_wconf 89' lang='lat' dir='ltr'><strong>ipse</strong></span> <span class='ocrx_word' id='word_1_123' title='bbox 1366 1805 1441 1867; x_wconf 80' lang='lat' dir='ltr'><strong>verbe</strong></span> 
     </span>
     <span class='ocr_line' id='line_1_17' title="bbox 320 1910 1442 1996; baseline -0.002 -22"><span class='ocrx_word' id='word_1_124' title='bbox 320 1911 492 1996; x_wconf 83' lang='lat' dir='ltr'><strong>significat.</strong></span> <span class='ocrx_word' id='word_1_125' title='bbox 540 1913 629 1989; x_wconf 84' lang='lat' dir='ltr'><strong>Quae</strong></span> <span class='ocrx_word' id='word_1_126' title='bbox 661 1935 712 1977; x_wconf 92' lang='lat' dir='ltr'><strong>res</strong></span> <span class='ocrx_word' id='word_1_127' title='bbox 746 1935 810 1977; x_wconf 92' lang='lat' dir='ltr'><strong>non</strong></span> <span class='ocrx_word' id='word_1_128' title='bbox 845 1912 954 1996; x_wconf 90' lang='lat' dir='ltr'><strong>potuit</strong></span> <span class='ocrx_word' id='word_1_129' title='bbox 985 1934 1050 1976; x_wconf 93' lang='lat' dir='ltr'><strong>non</strong></span> <span class='ocrx_word' id='word_1_130' title='bbox 1083 1910 1298 1995; x_wconf 83' lang='lat' dir='ltr'><strong>suspitionem</strong></span> <span class='ocrx_word' id='word_1_131' title='bbox 1330 1933 1442 1988; x_wconf 71' lang='lat' dir='ltr'><strong>movere</strong></span> 
     </span>
     <span class='ocr_line' id='line_1_18' title="bbox 320 2016 1441 2102; baseline 0 -22"><span class='ocrx_word' id='word_1_132' title='bbox 320 2017 418 2081; x_wconf 88' lang='lat' dir='ltr'><strong>etiam</strong></span> <span class='ocrx_word' id='word_1_133' title='bbox 442 2017 520 2083; x_wconf 88' lang='lat' dir='ltr'><strong>alibi</strong></span> <span class='ocrx_word' id='word_1_134' title='bbox 548 2041 700 2084; x_wconf 90' lang='lat' dir='ltr'><strong>numeros</strong></span> <span class='ocrx_word' id='word_1_135' title='bbox 725 2020 867 2102; x_wconf 84' lang='lat' dir='ltr'><strong>subesse,</strong></span> <span class='ocrx_word' id='word_1_136' title='bbox 891 2019 945 2082; x_wconf 92' lang='lat' dir='ltr'><strong>ubi</strong></span> <span class='ocrx_word' id='word_1_137' title='bbox 969 2017 1121 2082; x_wconf 89' lang='lat' dir='ltr'><strong>indicium</strong></span> <span class='ocrx_word' id='word_1_138' title='bbox 1145 2017 1241 2081; x_wconf 85' lang='lat' dir='ltr'><strong>metri</strong></span> <span class='ocrx_word' id='word_1_139' title='bbox 1264 2017 1384 2082; x_wconf 89' lang='lat' dir='ltr'><strong>nullum</strong></span> <span class='ocrx_word' id='word_1_140' title='bbox 1404 2016 1441 2080; x_wconf 87' lang='lat' dir='ltr'><strong>Li·</strong></span> 
     </span>
     <span class='ocr_line' id='line_1_19' title="bbox 319 2123 1442 2190; baseline -0.002 -2"><span class='ocrx_word' id='word_1_141' title='bbox 319 2125 390 2189; x_wconf 86' lang='lat' dir='ltr'><strong>vius</strong></span> <span class='ocrx_word' id='word_1_142' title='bbox 423 2125 457 2188; x_wconf 91' lang='lat' dir='ltr'><strong>in</strong></span> <span class='ocrx_word' id='word_1_143' title='bbox 489 2130 634 2190; x_wconf 81' lang='lat' dir='ltr'><strong>veterum</strong></span> <span class='ocrx_word' id='word_1_144' title='bbox 671 2129 955 2189; x_wconf 89' lang='lat' dir='ltr'><strong>monumentorum</strong></span> <span class='ocrx_word' id='word_1_145' title='bbox 994 2123 1100 2187; x_wconf 85' lang='lat' dir='ltr'><strong>verbis</strong></span> <span class='ocrx_word' id='word_1_146' title='bbox 1133 2123 1306 2189; x_wconf 84' lang='lat' dir='ltr'><strong>afferendis</strong></span> <span class='ocrx_word' id='word_1_147' title='bbox 1338 2125 1442 2190; x_wconf 74' lang='lat' dir='ltr'><strong>tacent</strong></span> 
     </span>
     <span class='ocr_line' id='line_1_20' title="bbox 318 2230 1441 2316; baseline -0.001 -21"><span class='ocrx_word' id='word_1_148' title='bbox 318 2230 387 2295; x_wconf 89' lang='lat' dir='ltr'><strong>Nec</strong></span> <span class='ocrx_word' id='word_1_149' title='bbox 415 2255 505 2316; x_wconf 90' lang='lat' dir='ltr'><strong>spem</strong></span> <span class='ocrx_word' id='word_1_150' title='bbox 534 2233 648 2298; x_wconf 89' lang='lat' dir='ltr'><strong>fallere</strong></span> <span class='ocrx_word' id='word_1_151' title='bbox 677 2237 823 2297; x_wconf 85' lang='lat' dir='ltr'><strong>eventus:</strong></span> <span class='ocrx_word' id='word_1_152' title='bbox 855 2233 955 2297; x_wconf 93' lang='lat' dir='ltr'><strong>immo</strong></span> <span class='ocrx_word' id='word_1_153' title='bbox 986 2230 1080 2314; x_wconf 87' lang='lat' dir='ltr'><strong>plura</strong></span> <span class='ocrx_word' id='word_1_154' title='bbox 1108 2230 1210 2296; x_wconf 90' lang='lat' dir='ltr'><strong>indies</strong></span> <span class='ocrx_word' id='word_1_155' title='bbox 1242 2230 1441 2297; x_wconf 86' lang='lat' dir='ltr'><strong>Saturniorum</strong></span> 
     </span>
     <span class='ocr_line' id='line_1_21' title="bbox 319 2337 1440 2424; baseline 0 -22"><span class='ocrx_word' id='word_1_156' title='bbox 319 2339 464 2423; x_wconf 82' lang='lat' dir='ltr'><strong>exempla</strong></span> <span class='ocrx_word' id='word_1_157' title='bbox 488 2339 677 2424; x_wconf 82' lang='lat' dir='ltr'><strong>diligentius</strong></span> <span class='ocrx_word' id='word_1_158' title='bbox 702 2362 798 2424; x_wconf 91' lang='lat' dir='ltr'><strong>quam</strong></span> <span class='ocrx_word' id='word_1_159' title='bbox 819 2339 953 2404; x_wconf 88' lang='lat' dir='ltr'><strong>calidius</strong></span> <span class='ocrx_word' id='word_1_160' title='bbox 972 2338 1244 2422; x_wconf 88' lang='lat' dir='ltr'><strong>circumspicienti</strong></span> <span class='ocrx_word' id='word_1_161' title='bbox 1264 2340 1378 2404; x_wconf 86' lang='lat' dir='ltr'><strong>offerri.</strong></span> <span class='ocrx_word' id='word_1_162' title='bbox 1406 2337 1440 2402; x_wconf 76' lang='lat' dir='ltr'><strong>llo</strong></span> 
     </span>
    </p>
   </div>
   <div class='ocr_carea' id='block_1_10' title="bbox 318 2444 1491 2531">
    <p class='ocr_par' dir='ltr' id='par_1_10' title="bbox 318 2444 1491 2531">
     <span class='ocr_line' id='line_1_22' title="bbox 318 2444 1491 2531; baseline 0.003 -24"><span class='ocrx_word' id='word_1_163' title='bbox 318 2445 418 2528; x_wconf 82' lang='lat' dir='ltr'><strong>igitur</strong></span> <span class='ocrx_word' id='word_1_164' title='bbox 441 2447 609 2528; x_wconf 86' lang='lat' dir='ltr'><strong>spectabat</strong></span> <span class='ocrx_word' id='word_1_165' title='bbox 632 2446 716 2531; x_wconf 91' lang='lat' dir='ltr'><strong>quod</strong></span> <span class='ocrx_word' id='word_1_166' title='bbox 741 2469 824 2511; x_wconf 91' lang='lat' dir='ltr'><strong>anno</strong></span> <span class='ocrx_word' id='word_1_167' title='bbox 840 2463 1062 2512; x_wconf 75' lang='lat' dir='ltr'><strong>malocccnm</strong></span> <span class='ocrx_word' id='word_1_168' title='bbox 1087 2444 1238 2510; x_wconf 80' lang='lat' dir='ltr'><strong>‘feracem</strong></span> <span class='ocrx_word' id='word_1_169' title='bbox 1257 2468 1440 2512; x_wconf 89' lang='lat' dir='ltr'><strong>numerorum</strong></span> <span class='ocrx_word' id='word_1_170' title='bbox 1486 2518 1491 2531; x_wconf 41' lang='grc' dir='ltr'>Ι</span> 
     </span>
    </p>
   </div>
   <div class='ocr_carea' id='block_1_11' title="bbox 318 2552 1440 2850">
    <p class='ocr_par' dir='ltr' id='par_1_11' title="bbox 318 2552 1440 2850">
     <span class='ocr_line' id='line_1_23' title="bbox 319 2552 1440 2637; baseline -0.002 -21"><span class='ocrx_word' id='word_1_171' title='bbox 319 2554 525 2636; x_wconf 87' lang='lat' dir='ltr'><strong>quantumvis</strong></span> <span class='ocrx_word' id='word_1_172' title='bbox 550 2554 690 2618; x_wconf 91' lang='lat' dir='ltr'><strong>rudium&#39;</strong></span> <span class='ocrx_word' id='word_1_173' title='bbox 714 2555 749 2620; x_wconf 86' lang='lat' dir='ltr'><strong>T.</strong></span> <span class='ocrx_word' id='word_1_174' title='bbox 768 2554 896 2619; x_wconf 85' lang='lat' dir='ltr'><strong>Livium</strong></span> <span class='ocrx_word' id='word_1_175' title='bbox 921 2554 1067 2618; x_wconf 90' lang='lat' dir='ltr'><strong>dicebam</strong></span> <span class='ocrx_word' id='word_1_176' title='bbox 1090 2553 1126 2616; x_wconf 91' lang='lat' dir='ltr'><strong>in</strong></span> <span class='ocrx_word' id='word_1_177' title='bbox 1150 2552 1366 2637; x_wconf 80' lang='lat' dir='ltr'><strong>Anthologiae</strong></span> <span class='ocrx_word' id='word_1_178' title='bbox 1386 2553 1440 2616; x_wconf 90' lang='lat' dir='ltr'><strong>lati-</strong></span> 
     </span>
     <span class='ocr_line' id='line_1_24' title="bbox 318 2658 1229 2746; baseline -0.001 -23"><span class='ocrx_word' id='word_1_179' title='bbox 318 2682 378 2724; x_wconf 88' lang='lat' dir='ltr'><strong>nae</strong></span> <span class='ocrx_word' id='word_1_180' title='bbox 403 2661 573 2726; x_wconf 90' lang='lat' dir='ltr'><strong>corollario</strong></span> <span class='ocrx_word' id='word_1_181' title='bbox 598 2661 808 2746; x_wconf 85' lang='lat' dir='ltr'><strong>epigraphico</strong></span> <span class='ocrx_word' id='word_1_182' title='bbox 833 2685 862 2744; x_wconf 92' lang='lat' dir='ltr'><strong>p.</strong></span> <span class='ocrx_word' id='word_1_183' title='bbox 881 2659 928 2724; x_wconf 94' lang='grc' dir='ltr'><strong>ΠΙ</strong></span> <span class='ocrx_word' id='word_1_184' title='bbox 955 2658 1068 2742; x_wconf 87' lang='lat' dir='ltr'><strong>[supra</strong></span> <span class='ocrx_word' id='word_1_185' title='bbox 1090 2681 1120 2742; x_wconf 94' lang='lat' dir='ltr'><strong>p.</strong></span> <span class='ocrx_word' id='word_1_186' title='bbox 1140 2658 1229 2738; x_wconf 63' lang='lat'>238}</span> 
     </span>
     <span class='ocr_line' id='line_1_25' title="bbox 406 2765 1440 2850; baseline -0.002 -19"><span class='ocrx_word' id='word_1_187' title='bbox 406 2767 484 2832; x_wconf 87' lang='lat' dir='ltr'><strong>Mox</strong></span> <span class='ocrx_word' id='word_1_188' title='bbox 516 2767 660 2832; x_wconf 90' lang='lat' dir='ltr'><strong>animum</strong></span> <span class='ocrx_word' id='word_1_189' title='bbox 693 2768 882 2832; x_wconf 85' lang='lat' dir='ltr'><strong>advertebat</strong></span> <span class='ocrx_word' id='word_1_190' title='bbox 915 2767 949 2831; x_wconf 91' lang='lat' dir='ltr'><strong>in</strong></span> <span class='ocrx_word' id='word_1_191' title='bbox 980 2765 1097 2832; x_wconf 92' lang='lat' dir='ltr'><strong>horum</strong></span> <span class='ocrx_word' id='word_1_192' title='bbox 1127 2766 1345 2850; x_wconf 88' lang='lat' dir='ltr'><strong>exemplorum</strong></span> <span class='ocrx_word' id='word_1_193' title='bbox 1370 2773 1440 2850; x_wconf 83' lang='lat' dir='ltr'><strong>parte</strong></span> 
     </span>
    </p>
   </div>
   <div class='ocr_carea' id='block_1_12' title="bbox 318 2871 1493 2977">
    <p class='ocr_par' dir='ltr' id='par_1_12' title="bbox 318 2871 1493 2977">
     <span class='ocr_line' id='line_1_26' title="bbox 318 2871 1493 2977; baseline -0.003 -40"><span class='ocrx_word' id='word_1_194' title='bbox 318 2875 558 2958; x_wconf 86' lang='lat' dir='ltr'><strong>frequentatum</strong></span> <span class='ocrx_word' id='word_1_195' title='bbox 591 2897 743 2939; x_wconf 91' lang='lat' dir='ltr'><strong>carmen</strong></span> <span class='ocrx_word' id='word_1_196' title='bbox 776 2875 978 2940; x_wconf 88' lang='lat' dir='ltr'><strong>vocabulum.</strong></span> <span class='ocrx_word' id='word_1_197' title='bbox 1034 2871 1082 2938; x_wconf 89' lang='lat' dir='ltr'><strong>De</strong></span> <span class='ocrx_word' id='word_1_198' title='bbox 1115 2895 1179 2957; x_wconf 88' lang='lat' dir='ltr'><strong>quo</strong></span> <span class='ocrx_word' id='word_1_199' title='bbox 1212 2874 1368 2939; x_wconf 85' lang='lat' dir='ltr'><strong>vocabulo</strong></span> <span class='ocrx_word' id='word_1_200' title='bbox 1395 2871 1440 2936; x_wconf 85' lang='lat' dir='ltr'><strong>etsi</strong></span> <span class='ocrx_word' id='word_1_201' title='bbox 1485 2924 1493 2977; x_wconf 51' lang='grc' dir='ltr'><strong><em>ε</em></strong></span> 
     </span>
    </p>
   </div>
   <div class='ocr_carea' id='block_1_13' title="bbox 317 2979 1440 3368">
    <p class='ocr_par' dir='ltr' id='par_1_13' title="bbox 317 2979 1440 3368">
     <span class='ocr_line' id='line_1_27' title="bbox 317 2979 1440 3066; baseline -0.003 -21"><span class='ocrx_word' id='word_1_202' title='bbox 317 3004 382 3045; x_wconf 93' lang='lat' dir='ltr'><strong>non</strong></span> <span class='ocrx_word' id='word_1_203' title='bbox 411 3003 488 3045; x_wconf 85' lang='lat' dir='ltr'><strong>sane</strong></span> <span class='ocrx_word' id='word_1_204' title='bbox 517 2982 709 3065; x_wconf 89' lang='lat' dir='ltr'><strong>ignorabam</strong></span> <span class='ocrx_word' id='word_1_205' title='bbox 737 2982 835 3066; x_wconf 83' lang='lat' dir='ltr'><strong>longo</strong></span> <span class='ocrx_word' id='word_1_206' title='bbox 865 3003 903 3045; x_wconf 87' lang='lat' dir='ltr'><strong>cx</strong></span> <span class='ocrx_word' id='word_1_207' title='bbox 931 2985 1076 3064; x_wconf 88' lang='lat' dir='ltr'><strong>tempore</strong></span> <span class='ocrx_word' id='word_1_208' title='bbox 1105 2981 1151 3046; x_wconf 91' lang='lat' dir='ltr'><strong>sic</strong></span> <span class='ocrx_word' id='word_1_209' title='bbox 1179 2982 1280 3046; x_wconf 82' lang='lat' dir='ltr'><strong>statui</strong></span> <span class='ocrx_word' id='word_1_210' title='bbox 1303 2979 1440 3048; x_wconf 87' lang='lat' dir='ltr'><strong>communi</strong></span> 
     </span>
     <span class='ocr_line' id='line_1_28' title="bbox 318 3087 1440 3172; baseline -0.002 -21"><span class='ocrx_word' id='word_1_211' title='bbox 318 3088 462 3151; x_wconf 90' lang='lat' dir='ltr'><strong>omnium</strong></span> <span class='ocrx_word' id='word_1_212' title='bbox 487 3089 662 3171; x_wconf 86' lang='lat' dir='ltr'><strong>sententia,</strong></span> <span class='ocrx_word' id='word_1_213' title='bbox 694 3087 744 3151; x_wconf 91' lang='lat' dir='ltr'><strong>illi</strong></span> <span class='ocrx_word' id='word_1_214' title='bbox 769 3092 894 3152; x_wconf 88' lang='lat' dir='ltr'><strong>utnon</strong></span> <span class='ocrx_word' id='word_1_215' title='bbox 921 3087 1081 3172; x_wconf 89' lang='lat' dir='ltr'><strong>poematis</strong></span> <span class='ocrx_word' id='word_1_216' title='bbox 1110 3091 1254 3170; x_wconf 88' lang='lat' dir='ltr'><strong>tantum,</strong></span> <span class='ocrx_word' id='word_1_217' title='bbox 1287 3089 1342 3154; x_wconf 90' lang='lat' dir='ltr'><strong>sed</strong></span> <span class='ocrx_word' id='word_1_218' title='bbox 1363 3087 1440 3150; x_wconf 85' lang='lat' dir='ltr'><strong>etism</strong></span> 
     </span>
     <span class='ocr_line' id='line_1_29' title="bbox 319 3192 1439 3279; baseline 0.002 -24"><span class='ocrx_word' id='word_1_219' title='bbox 319 3193 499 3257; x_wconf 79' lang='lat' dir='ltr'><strong>‘formulae&#39;</strong></span> <span class='ocrx_word' id='word_1_220' title='bbox 529 3196 701 3260; x_wconf 88' lang='lat' dir='ltr'><strong>cuiuslibet</strong></span> <span class='ocrx_word' id='word_1_221' title='bbox 737 3196 901 3279; x_wconf 87' lang='lat' dir='ltr'><strong>conceptis</strong></span> <span class='ocrx_word' id='word_1_222' title='bbox 935 3194 1043 3258; x_wconf 86' lang='lat' dir='ltr'><strong>verbis</strong></span> <span class='ocrx_word' id='word_1_223' title='bbox 1076 3195 1289 3278; x_wconf 87' lang='lat' dir='ltr'><strong>compositae,</strong></span> <span class='ocrx_word' id='word_1_224' title='bbox 1324 3192 1439 3260; x_wconf 84' lang='lat' dir='ltr'><strong>numeris</strong></span> 
     </span>
     <span class='ocr_line' id='line_1_30' title="bbox 318 3301 1440 3368; baseline 0.004 -6"><span class='ocrx_word' id='word_1_225' title='bbox 318 3305 426 3363; x_wconf 89' lang='lat' dir='ltr'><strong>autem</strong></span> <span class='ocrx_word' id='word_1_226' title='bbox 449 3322 514 3365; x_wconf 91' lang='lat' dir='ltr'><strong>non</strong></span> <span class='ocrx_word' id='word_1_227' title='bbox 543 3302 696 3366; x_wconf 89' lang='lat' dir='ltr'><strong>astrictae</strong></span> <span class='ocrx_word' id='word_1_228' title='bbox 725 3302 889 3368; x_wconf 90' lang='lat' dir='ltr'><strong>notionem</strong></span> <span class='ocrx_word' id='word_1_229' title='bbox 920 3301 1074 3366; x_wconf 88' lang='lat' dir='ltr'><strong>tribuisse</strong></span> <span class='ocrx_word' id='word_1_230' title='bbox 1098 3305 1223 3367; x_wconf 84' lang='lat' dir='ltr'><strong>veteres</strong></span> <span class='ocrx_word' id='word_1_231' title='bbox 1248 3302 1440 3368; x_wconf 84' lang='lat' dir='ltr'><strong>crederentur.</strong></span> 
     </span>
    </p>
   </div>
   <div class='ocr_carea' id='block_1_14' title="bbox 317 3407 1491 3493">
    <p class='ocr_par' dir='ltr' id='par_1_14' title="bbox 317 3407 1491 3493">
     <span class='ocr_line' id='line_1_31' title="bbox 317 3407 1491 3493; baseline -0.002 -23"><span class='ocrx_word' id='word_1_232' title='bbox 317 3411 430 3471; x_wconf 88' lang='lat' dir='ltr'><strong>tamen</strong></span> <span class='ocrx_word' id='word_1_233' title='bbox 453 3430 570 3490; x_wconf 89' lang='lat' dir='ltr'><strong>operae</strong></span> <span class='ocrx_word' id='word_1_234' title='bbox 593 3409 734 3492; x_wconf 90' lang='lat' dir='ltr'><strong>pretium</strong></span> <span class='ocrx_word' id='word_1_235' title='bbox 757 3409 901 3474; x_wconf 86' lang='lat' dir='ltr'><strong>facturus</strong></span> <span class='ocrx_word' id='word_1_236' title='bbox 932 3407 1075 3493; x_wconf 87' lang='lat' dir='ltr'><strong>videbar,</strong></span> <span class='ocrx_word' id='word_1_237' title='bbox 1104 3409 1131 3472; x_wconf 89' lang='lat' dir='ltr'><strong>si</strong></span> <span class='ocrx_word' id='word_1_238' title='bbox 1155 3429 1236 3493; x_wconf 86' lang='lat' dir='ltr'><strong>quaa</strong></span> <span class='ocrx_word' id='word_1_239' title='bbox 1260 3429 1386 3473; x_wconf 86' lang='lat' dir='ltr'><strong>caussae</strong></span> <span class='ocrx_word' id='word_1_240' title='bbox 1405 3427 1439 3468; x_wconf 78' lang='lat' dir='ltr'><strong>es</strong></span> <span class='ocrx_word' id='word_1_241' title='bbox 1486 3448 1491 3469; x_wconf 65' lang='lat'><em>2</em></span> 
     </span>
    </p>
   </div>
   <div class='ocr_carea' id='block_1_15' title="bbox 316 3514 1437 4563">
    <p class='ocr_par' dir='ltr' id='par_1_15' title="bbox 316 3514 1437 4563">
     <span class='ocr_line' id='line_1_32' title="bbox 318 3514 1437 3599; baseline -0.003 -22"><span class='ocrx_word' id='word_1_242' title='bbox 318 3519 392 3579; x_wconf 89' lang='lat' dir='ltr'><strong>sent</strong></span> <span class='ocrx_word' id='word_1_243' title='bbox 414 3516 613 3580; x_wconf 89' lang='lat' dir='ltr'><strong>inveteratae</strong></span> <span class='ocrx_word' id='word_1_244' title='bbox 637 3516 799 3598; x_wconf 88' lang='lat' dir='ltr'><strong>opinionis</strong></span> <span class='ocrx_word' id='word_1_245' title='bbox 823 3537 1010 3599; x_wconf 90' lang='lat' dir='ltr'><strong>quaererem</strong></span> <span class='ocrx_word' id='word_1_246' title='bbox 1034 3516 1225 3580; x_wconf 87' lang='lat' dir='ltr'><strong>accuratius.</strong></span> <span class='ocrx_word' id='word_1_247' title='bbox 1258 3514 1437 3580; x_wconf 84' lang='lat' dir='ltr'><strong>Intellectum</strong></span> 
     </span>
     <span class='ocr_line' id='line_1_33' title="bbox 318 3621 1437 3707; baseline -0.008 -20"><span class='ocrx_word' id='word_1_248' title='bbox 318 3627 367 3687; x_wconf 90' lang='lat' dir='ltr'><strong>est</strong></span> <span class='ocrx_word' id='word_1_249' title='bbox 391 3621 424 3687; x_wconf 77' lang='lat' dir='ltr'><strong>e‘t</strong></span> <span class='ocrx_word' id='word_1_250' title='bbox 447 3623 543 3687; x_wconf 85' lang='lat' dir='ltr'><strong>certis</strong></span> <span class='ocrx_word' id='word_1_251' title='bbox 563 3623 762 3707; x_wconf 82' lang='lat' dir='ltr'><strong>argumentis</strong></span> <span class='ocrx_word' id='word_1_252' title='bbox 782 3626 815 3686; x_wconf 91' lang='lat' dir='ltr'><strong>et</strong></span> <span class='ocrx_word' id='word_1_253' title='bbox 833 3622 956 3686; x_wconf 88' lang='lat' dir='ltr'><strong>idoneis</strong></span> <span class='ocrx_word' id='word_1_254' title='bbox 975 3621 1155 3686; x_wconf 91' lang='lat' dir='ltr'><strong>rationibus</strong></span> <span class='ocrx_word' id='word_1_255' title='bbox 1170 3621 1358 3687; x_wconf 86' lang='lat' dir='ltr'><strong>destitutam</strong></span> <span class='ocrx_word' id='word_1_256' title='bbox 1374 3639 1437 3682; x_wconf 81' lang='lat' dir='ltr'><strong>esse:</strong></span> 
     </span>
     <span class='ocr_line' id='line_1_34' title="bbox 318 3723 1435 3814; baseline -0.005 -21"><span class='ocrx_word' id='word_1_257' title='bbox 318 3729 537 3814; x_wconf 83' lang='lat' dir='ltr'><strong>exemplorum</strong></span> <span class='ocrx_word' id='word_1_258' title='bbox 569 3729 713 3794; x_wconf 90' lang='lat' dir='ltr'><strong>omnium</strong></span> <span class='ocrx_word' id='word_1_259' title='bbox 745 3730 799 3794; x_wconf 81' lang='lat' dir='ltr'><strong>rix</strong></span> <span class='ocrx_word' id='word_1_260' title='bbox 826 3729 929 3794; x_wconf 90' lang='lat' dir='ltr'><strong>ullum</strong></span> <span class='ocrx_word' id='word_1_261' title='bbox 957 3730 1006 3795; x_wconf 88' lang='lat' dir='ltr'><strong>ita</strong></span> <span class='ocrx_word' id='word_1_262' title='bbox 1033 3733 1270 3812; x_wconf 87' lang='lat' dir='ltr'><strong>comparatum,</strong></span> <span class='ocrx_word' id='word_1_263' title='bbox 1302 3733 1336 3793; x_wconf 90' lang='lat' dir='ltr'><strong>ut</strong></span> <span class='ocrx_word' id='word_1_264' title='bbox 1365 3723 1435 3791; x_wconf 80' lang='lat' dir='ltr'><strong>meti</strong></span> 
     </span>
     <span class='ocr_line' id='line_1_35' title="bbox 317 3835 1434 3921; baseline -0.005 -21"><span class='ocrx_word' id='word_1_265' title='bbox 317 3836 548 3921; x_wconf 82' lang='lat' dir='ltr'><strong>cogitationem</strong></span> <span class='ocrx_word' id='word_1_266' title='bbox 576 3836 758 3900; x_wconf 91' lang='lat' dir='ltr'><strong>necessario</strong></span> <span class='ocrx_word' id='word_1_267' title='bbox 778 3835 982 3902; x_wconf 84' lang='lat' dir='ltr'><strong>excluderet:</strong></span> <span class='ocrx_word' id='word_1_268' title='bbox 1014 3836 1153 3920; x_wconf 90' lang='lat' dir='ltr'><strong>plurima</strong></span> <span class='ocrx_word' id='word_1_269' title='bbox 1185 3835 1225 3900; x_wconf 91' lang='lat' dir='ltr'><strong>ad</strong></span> <span class='ocrx_word' id='word_1_270' title='bbox 1256 3850 1434 3900; x_wconf 82' lang='lat' dir='ltr'><strong>numerorum</strong></span> 
     </span>
     <span class='ocr_line' id='line_1_36' title="bbox 317 3936 1432 4027; baseline -0.003 -20"><span class='ocrx_word' id='word_1_271' title='bbox 317 3943 483 4008; x_wconf 89' lang='lat' dir='ltr'><strong>notionem</strong></span> <span class='ocrx_word' id='word_1_272' title='bbox 507 3948 564 4008; x_wconf 88' lang='lat' dir='ltr'><strong>aut</strong></span> <span class='ocrx_word' id='word_1_273' title='bbox 587 3943 727 4026; x_wconf 88' lang='lat' dir='ltr'><strong>speciem</strong></span> <span class='ocrx_word' id='word_1_274' title='bbox 756 3943 807 4007; x_wconf 87' lang='lat' dir='ltr'><strong>vel</strong></span> <span class='ocrx_word' id='word_1_275' title='bbox 839 3949 951 4027; x_wconf 86' lang='lat' dir='ltr'><strong>suapte</strong></span> <span class='ocrx_word' id='word_1_276' title='bbox 979 3948 1097 4008; x_wconf 89' lang='lat' dir='ltr'><strong>natura</strong></span> <span class='ocrx_word' id='word_1_277' title='bbox 1125 3942 1273 4008; x_wconf 89' lang='lat' dir='ltr'><strong>accedere</strong></span> <span class='ocrx_word' id='word_1_278' title='bbox 1302 3942 1348 4006; x_wconf 84' lang='lat' dir='ltr'><strong>vel</strong></span> <span class='ocrx_word' id='word_1_279' title='bbox 1374 3936 1432 4004; x_wconf 69' lang='lat' dir='ltr'><strong>artis</strong></span> 
     </span>
     <span class='ocr_line' id='line_1_37' title="bbox 317 4045 1430 4134; baseline -0.004 -21"><span class='ocrx_word' id='word_1_280' title='bbox 317 4050 547 4134; x_wconf 87' lang='lat' dir='ltr'><strong>probabilitate</strong></span> <span class='ocrx_word' id='word_1_281' title='bbox 581 4050 832 4115; x_wconf 91' lang='lat' dir='ltr'><strong>accommodari:</strong></span> <span class='ocrx_word' id='word_1_282' title='bbox 870 4050 1027 4134; x_wconf 90' lang='lat' dir='ltr'><strong>quaedam</strong></span> <span class='ocrx_word' id='word_1_283' title='bbox 1059 4071 1100 4112; x_wconf 91' lang='lat' dir='ltr'><strong>ne</strong></span> <span class='ocrx_word' id='word_1_284' title='bbox 1128 4048 1300 4113; x_wconf 87' lang='lat' dir='ltr'><strong>admittere</strong></span> <span class='ocrx_word' id='word_1_285' title='bbox 1331 4045 1430 4132; x_wconf 86' lang='lat' dir='ltr'><strong>quidm</strong></span> 
     </span>
     <span class='ocr_line' id='line_1_38' title="bbox 317 4145 1429 4241; baseline -0.001 -23"><span class='ocrx_word' id='word_1_286' title='bbox 317 4177 432 4240; x_wconf 87' lang='lat' dir='ltr'><strong>prosae</strong></span> <span class='ocrx_word' id='word_1_287' title='bbox 456 4158 615 4222; x_wconf 86' lang='lat' dir='ltr'><strong>orationis</strong></span> <span class='ocrx_word' id='word_1_288' title='bbox 639 4157 910 4222; x_wconf 85' lang='lat' dir='ltr'><strong>informationem.</strong></span> <span class='ocrx_word' id='word_1_289' title='bbox 948 4156 1039 4231; x_wconf 87' lang='lat' dir='ltr'><strong>Quod</strong></span> <span class='ocrx_word' id='word_1_290' title='bbox 1062 4177 1128 4220; x_wconf 90' lang='lat' dir='ltr'><strong>non</strong></span> <span class='ocrx_word' id='word_1_291' title='bbox 1150 4154 1300 4220; x_wconf 83' lang='lat' dir='ltr'><strong>latuisset</strong></span> <span class='ocrx_word' id='word_1_292' title='bbox 1320 4159 1394 4241; x_wconf 82' lang='lat' dir='ltr'><strong>puto.</strong></span> <span class='ocrx_word' id='word_1_293' title='bbox 1411 4145 1429 4208; x_wconf 70' lang='lat' dir='ltr'><strong>si</strong></span> 
     </span>
     <span class='ocr_line' id='line_1_39' title="bbox 316 4261 1428 4348; baseline 0.002 -24"><span class='ocrx_word' id='word_1_294' title='bbox 316 4263 351 4325; x_wconf 92' lang='lat' dir='ltr'><strong>in</strong></span> <span class='ocrx_word' id='word_1_295' title='bbox 371 4261 593 4328; x_wconf 83' lang='lat' dir='ltr'><strong>Saturniorum</strong></span> <span class='ocrx_word' id='word_1_296' title='bbox 618 4263 726 4348; x_wconf 88' lang='lat' dir='ltr'><strong>potius</strong></span> <span class='ocrx_word' id='word_1_297' title='bbox 746 4263 956 4326; x_wconf 88' lang='lat' dir='ltr'><strong>domesticam</strong></span> <span class='ocrx_word' id='word_1_298' title='bbox 976 4261 1186 4346; x_wconf 87' lang='lat' dir='ltr'><strong>asperitatem</strong></span> <span class='ocrx_word' id='word_1_299' title='bbox 1206 4283 1301 4346; x_wconf 90' lang='lat' dir='ltr'><strong>quam</strong></span> <span class='ocrx_word' id='word_1_300' title='bbox 1320 4263 1428 4342; x_wconf 64' lang='lat' dir='ltr'><strong>ingrat*</strong></span> 
     </span>
     <span class='ocr_line' id='line_1_40' title="bbox 317 4367 1426 4452; baseline -0.012 -20"><span class='ocrx_word' id='word_1_301' title='bbox 317 4367 446 4432; x_wconf 89' lang='lat' dir='ltr'><strong>canicae</strong></span> <span class='ocrx_word' id='word_1_302' title='bbox 475 4371 555 4434; x_wconf 90' lang='lat' dir='ltr'><strong>artis</strong></span> <span class='ocrx_word' id='word_1_303' title='bbox 584 4369 780 4452; x_wconf 79' lang='lat' dir='ltr'><strong>elegantiam</strong></span> <span class='ocrx_word' id='word_1_304' title='bbox 810 4368 984 4434; x_wconf 89' lang='lat' dir='ltr'><strong>latinitatis</strong></span> <span class='ocrx_word' id='word_1_305' title='bbox 1013 4368 1161 4432; x_wconf 87' lang='lat' dir='ltr'><strong>doctores</strong></span> <span class='ocrx_word' id='word_1_306' title='bbox 1189 4369 1294 4432; x_wconf 89' lang='lat' dir='ltr'><strong>nostri</strong></span> <span class='ocrx_word' id='word_1_307' title='bbox 1319 4367 1426 4430; x_wconf 83' lang='lat' dir='ltr'><strong>mantem</strong></span> 
     </span>
     <span class='ocr_line' id='line_1_41' title="bbox 318 4463 1425 4563; baseline -0.014 -21"><span class='ocrx_word' id='word_1_308' title='bbox 318 4475 541 4558; x_wconf 88' lang='lat' dir='ltr'><strong>intendissent,</strong></span> <span class='ocrx_word' id='word_1_309' title='bbox 565 4475 789 4542; x_wconf 87' lang='lat' dir='ltr'><strong>Saturniorum</strong></span> <span class='ocrx_word' id='word_1_310' title='bbox 813 4481 921 4541; x_wconf 90' lang='lat' dir='ltr'><strong>autem</strong></span> <span class='ocrx_word' id='word_1_311' title='bbox 946 4497 999 4540; x_wconf 86' lang='lat' dir='ltr'><strong>eas</strong></span> <span class='ocrx_word' id='word_1_312' title='bbox 1020 4475 1107 4563; x_wconf 81' lang='lat' dir='ltr'><strong>leges</strong></span> <span class='ocrx_word' id='word_1_313' title='bbox 1126 4478 1309 4562; x_wconf 83' lang='lat' dir='ltr'><strong>perspectas</strong></span> <span class='ocrx_word' id='word_1_314' title='bbox 1327 4463 1425 4536; x_wconf 87' lang='lat' dir='ltr'><strong>habuis·</strong></span> 
     </span>
    </p>
   </div>
   <div class='ocr_carea' id='block_1_16' title="bbox 0 0 1508 5118">
    <p class='ocr_par' dir='ltr' id='par_1_16' title="bbox 0 0 1508 5118">
     <span class='ocr_line' id='line_1_42' title="bbox 0 0 1508 5118; baseline 0 2"><span class='ocrx_word' id='word_1_315' title='bbox 0 0 1508 5118; x_wconf 95' lang='lat' dir='ltr'><strong> </strong></span> 
     </span>
    </p>
   </div>
  </div>
 </body>
</html>
