3108 5142
348 335 448 382 'rtors
471 335 623 383 nvnnrrn
647 335 732 382 rens
757 337 960 386 svnsnsrns.
1181 323 1224 386 55

490 531 494 539 .
526 502 549 542 s.
583 501 655 542 cum
687 482 720 544 et
753 479 873 544 chartis
907 481 1149 566 consignassem
1191 487 1263 546 eto

560 589 587 646 ἰι
615 608 729 649 manue
753 587 866 651 incidit
889 587 1028 652 Lamse
1052 589 1221 654 tiberiam

624 692 801 758 't-crizioni
831 695 958 758 antiche
986 696 1142 761 collocata
1169 693 1222 760 ne'

726 818 755 855 τι·
780 800 821 864 da
844 799 883 866 D.
907 801 1016 866 Pietro
1039 802 1077 866 de
1101 801 1222 885 Lamo',

773 909 777 967 i
805 911 853 970 cst
876 907 1048 990 levidense,
1070 909 1220 972 comitem

734 1035 806 1076 mse
839 1013 979 1096 primum
1010 1013 1113 1078 musei
1146 1013 1221 1078 Per·

690 1121 745 1182 nis
765 1123 823 1202 est,
847 1119 992 1198 tabu-lam
1013 1119 1219 1184 Parmensem

642 1251 682 1288 Ιιιι
706 1226 961 1311 transcripsisse,
983 1226 1015 1290 id
1040 1227 1126 1312 quod
1150 1249 1179 1311 p.
1200 1229 1221 1292 2
1349 1297 1361 1316 ,

544 1381 547 1390 ,
586 1333 626 1394 nii
652 1333 758 1397 verbis
782 1332 932 1416 deceptus
957 1331 1027 1398 ‘che
1050 1335 1082 1399 io
1105 1333 1147 1398 ho
1168 1355 1219 1398 ve·

526 1439 589 1520 ·,ιι’,
618 1461 727 1502 verum
756 1439 938 1522 exemplum
962 1441 1158 1524 expressisse
1177 1442 1219 1506 ab

484 1545 714 1610 rnnnrnieetum
748 1567 832 1610 anno
869 1547 954 1610 1784
983 1545 1094 1630 (sollo
1126 1548 1219 1632 copia

407 1653 508 1726 :opti
532 1651 584 1714 nel
611 1649 708 1716 1784’
732 1674 762 1735 p.
786 1653 829 1716 20
852 1651 984 1738 adnot).

323 1793 325 1801 ι
373 1759 635 1842 opportunitate,
663 1763 699 1823 ut
731 1780 829 1842 supra
856 1759 996 1842 scriptae
1025 1759 1218 1826 Annou-

321 1868 337 1926 -t
371 1867 495 1930 addam.
541 1863 624 1930 Nam
653 1865 736 1950 quod
769 1866 818 1930 bis
842 1865 958 1930 vitiose
981 1866 1124 1950 positum
1148 1889 1218 1932 esse

258 1977 497 2032 orontem
524 1971 556 2036 ll
587 1973 615 2037 7.
641 1973 681 2036 16
705 1971 785 2054 dixi,
816 1971 850 2036 id
873 1972 981 2055 ipsum
1005 1973 1098 2038 rideo
1122 1975 1160 2038 o.
1184 1973 1217 2040 F.

222 2110 226 2138 ι
269 2078 513 2144 Institutionum
551 2083 641 2144 tomo
675 2077 706 2142 II
737 2101 767 2162 p.
798 2079 839 2142 67
878 2077 984 2144 adnot
1013 2101 1035 2162 p
1067 2079 1217 2146 editionis

160 2211 184 2239 ι’
212 2187 255 2247 ita
284 2185 385 2248 tutari
414 2185 483 2250 sine
508 2185 577 2249 vitii
601 2185 801 2269 suspicione,
828 2187 865 2250 nt
889 2186 1083 2270 tripertitam
1108 2185 1218 2250 defini·

127 2317 192 2354 ,νιιι
218 2291 305 2356 hisce
334 2291 441 2356 verbis
465 2291 535 2356 fieri
558 2291 658 2356 dieat:
688 2313 720 2356 se
746 2295 907 2374 emersione
930 2295 1100 2375 iudicioque
1122 2293 1219 2356 oteioe

95 2400 215 2476 patebit
245 2421 309 2462 non
338 2399 488 2480 desendet,
518 2399 568 2462 vel
598 2403 636 2464 ut
668 2399 770 2484 ipsius
800 2391 910 2464 'verbis
943 2405 1016 2464 utar
1047 2399 1125 2464 ‘drot
1153 2421 1216 2463 ocr-

84 2507 222 2569 eberone
243 2505 380 2570 Formen
402 2507 453 2571 des
482 2503 719 2588 Unpcborsoms,
747 2505 883 2570 nc'indtcb
912 2507 1142 2590 Vererer'pcmnp
1164 2508 1217 2570 der

81 2615 211 2690 t'ootion,
233 2614 305 2676 oder
326 2613 380 2676 der
402 2613 691 2694 In'tiscootostotion,
714 2613 787 2676 oder
809 2614 860 2678 des
878 2612 994 2678 Eidcs’.
1041 2613 1133 2689 Quod
1153 2635 1216 2698 quo

81 2741 219 2784 successu
246 2719 374 2801 fecerit,
402 2719 543 2783 viderint
570 2741 669 2802 penes
700 2741 779 2804 quos
808 2725 858 2784 est
886 2719 919 2782 in
943 2717 1004 2784 hoc
1028 2741 1146 2804 genere
1172 2721 1216 2785 iu·

80 2825 196 2892 dicium,
218 2825 290 2910 Ego
314 2823 443 2910 quidem
466 2826 608 2910 primum
631 2827 694 2891 hoo
713 2825 818 2890 doceri
843 2825 985 2909 pervolo,
1009 2827 1063 2910 qni
1083 2827 1215 2892 omnino

81 2933 175 3014 possit
201 2932 367 3016 tripertito
396 2931 496 2996 dividi
523 2931 642 2996 iunctis
670 2954 726 3014 quc
754 2935 787 2996 et
814 2953 851 2996 oc
881 2931 1060 3016 particulis3
1092 2933 1215 3016 deinde,

81 3038 149 3121 quid
171 3039 220 3103 his
244 3040 303 3102 fiat
326 3039 422 3122 plane
446 3038 592 3122 gemellis
616 3039 648 3102 11
677 3040 715 3103 12
738 3043 794 3102 ortt
811 3059 843 3102 se
864 3039 1026 3120 spsmsionc
1045 3039 1216 3122 irtdter'oqne

82 3147 135 3208 otei
154 3146 296 3228 oportebit
322 3166 387 3210 oon
408 3145 588 3225 (tetenderit
620 3145 674 3209 ubi
703 3144 730 3207 si
755 3143 838 3208 forte
866 3145 966 3206 otetuc
988 3143 1214 3228 corrigendum

81 3251 200 3338 dixeris,
222 3257 257 3318 at
284 3273 325 3316 ne
352 3250 414 3316 hoc
442 3249 571 3334 quidem
596 3251 676 3314 satis
701 3255 751 3314 est
774 3249 895 3314 odilla
918 3250 1115 3334 expedienda
1138 3252 1168 3317 ll
1194 3255 1213 3316 8

82 3379 166 3440 nepos
185 3361 222 3424 de
243 3381 280 3424 eo
301 3379 335 3422 re
356 3357 550 3440 sponsionem
569 3357 663 3438 societ
685 3379 778 3439 nequo
801 3357 915 3420 isrdtrio
937 3358 1000 3421 otei
1022 3359 1166 3440 oportebit
1184 3381 1215 3424 sc

82 3465 212 3550 desendet,
235 3465 322 3552 quod
341 3466 380 3530 sd
396 3463 539 3532 Pnohtae
563 3465 691 3549 quidem
716 3464 911 3528 sententiam
930 3485 1025 3546 nepteo
1046 3467 1110 3528 otei
1127 3487 1214 3548 opun-

84 3571 143 3636 tebtt
162 3573 332 3638 dicendum
355 3577 426 3636 erat
448 3571 566 3655 potins.
599 3569 671 3636 Huc
690 3571 813 3636 accedit
831 3570 917 3654 quod
936 3571 1045 3650 etiarn,
1064 3571 1119 3635 ubi
1139 3570 1212 3634 sim-

85 3676 146 3758 plex
172 3680 238 3744 sive
270 3678 382 3744 iudicii
415 3679 482 3742 sive
516 3675 616 3762 (quod
650 3678 751 3743 semel
784 3675 920 3762 sactum)
954 3677 1033 3740 satis
1060 3675 1213 3740 factionis

83 3785 158 3850 notio
188 3787 339 3870 infertur,
367 3790 475 3850 temen
509 3784 621 3850 addite
654 3785 806 3868 leguntur
832 3785 895 3848 otei
926 3783 1071 3864 oportebit
1097 3782 1211 3850 verba:

84 3887 110 3952 H
128 3893 165 3958 36
186 3915 280 3976 nepae
301 3914 334 3958 se
358 3893 472 3957 iudicio
494 3894 557 3956 utet
579 3893 724 3974 oprrrtcbit
745 3892 894 3972 detentet,
922 3890 963 3954 37
992 3911 1086 3970 neque
1112 3891 1148 3954 de
1176 3913 1213 3956 eo

86 4015 110 4058 re
131 4020 160 4062 ee
183 4001 297 4065 iadbio
323 4001 387 4063 otei
413 3999 555 4081 oportebit
581 3999 730 4080 (tetardo,
760 3999 804 4062 42
832 4017 926 4078 neque
951 4017 982 4060 sc
1011 3997 1123 4061 iudicio
1150 4000 1213 4062 otei

86 4107 209 4182 oportebit
228 4107 412 4188 defenderit,
441 4107 484 4170 49
508 4127 602 4188 neque
624 4127 655 4171 se
677 4105 790 4170 indicto
815 4107 875 4168 otei
903 4106 1082 4186 opmtrriaset
1109 4107 1210 4186 deten-

86 4209 169 4286 dtsset
194 4215 235 4278 34
253 4236 347 4296 neque
373 4216 410 4278 dc
432 4235 467 4278 eo
489 4215 621 4278 rosetis
642 4214 705 4277 utet
727 4211 873 4296 ‹nortebit
893 4211 993 4292 faciet.
1025 4211 1210 4296 Aquornm

88 4315 368 4388 similitudinecum
392 4341 490 4386 unum
510 4321 690 4404 exemplum
709 4318 771 4384 hoc
785 4317 913 4381 recedat
926 4316 958 4380 ΙΙ
972 4319 1015 4380 44
1029 4325 1085 4382 ont
1098 4321 1211 4382 indicto

88 4441 113 4484 se
126 4445 182 4488 nos
201 4427 386 4512 desordiw,
408 4427 443 4492 in
462 4427 523 4492 hoc
542 4425 702 4510 suspicari
720 4425 796 4490 licet
814 4427 876 4490 otei
893 4425 1074 4506 oprortrrtsset
1090 4425 1210 4508 impru-
