2984 5122
303 391 368 454 474
415 409 461 454 na
487 409 752 458 nucumsmonu
778 411 923 471 stnsn
948 410 1079 458 aarum
1102 409 1359 458 nnconmmoau.

694 553 979 619 annuamus

570 719 574 721 ,
696 660 1033 726 aaronem

697 766 970 835 russiana

695 875 1059 943 EVS·LVOAVGAN

695 984 811 1049 nnn·
867 1036 874 1052 .
927 1034 936 1050 .
990 983 1041 1050 a·
1145 1015 1148 1020 ·

689 1074 806 1156 's-u-
837 1143 844 1157 .
878 1143 885 1156 .
914 1091 1023 1156 Amo

676 1305 970 1372 -.....S

305 1449 375 1525 Quo
400 1451 483 1533 ipse,
512 1450 660 1533 quamvis
688 1449 755 1513 illic
784 1449 920 1514 miratus
951 1451 1067 1514 miram
1091 1435 1218 1514 scilicet
1238 1451 1370 1514 nominis
1389 1450 1421 1513 iu·
1479 1472 1484 1520 :

304 1558 490 1639 solentiam,
516 1580 601 1621 nunc
625 1557 806 1621 Romanum
831 1555 943 1621 Orellii
967 1557 1104 1622 n.1658
1129 1556 1233 1639 addit,
1255 1557 1290 1622 in
1310 1579 1367 1641 quc
1385 1554 1420 1618 ll=

304 1655 477 1729 POBLICI
493 1700 499 1712 ·
514 1655 685 1728 BARNAI
710 1664 867 1747 scriptum
891 1686 961 1727 esse
984 1665 1101 1730 Rossio
1125 1669 1259 1729 anctore
1280 1663 1423 1728 chacuus

303 1775 442 1836 testatur
466 1771 528 1835 vol.
548 1771 597 1834 III
621 1793 651 1853 p.
671 1771 734 1834 501
762 1767 809 1851 [O.
824 1770 849 1833 I.
864 1769 898 1834 L.
914 1769 975 1853 Vl,
997 1774 1012 1834 1
1038 1794 1068 1835 u.
1083 1772 1173 1855 446],
1196 1770 1227 1835 h.
1248 1793 1274 1836 e.
1291 1770 1424 1835 Barnac.

305 1916 346 1925 —
371 1877 419 1942 De
443 1879 514 1962 ipsa
537 1881 659 1958 autem,
687 1898 706 1939 a
729 1899 793 1959 qua
816 1876 920 1940 omnis
948 1877 1027 1942 haec
1052 1878 1233 1962 disputatio
1263 1882 1368 1942 nostra
1390 1899 1425 1940 or-

305 1985 461 2067 dictatur,
485 1984 695 2067 inscriptione
720 1983 803 2048 ollae
818 1982 981 2066 Lupianac
997 1983 1214 2049 eveham
1225 2021 1231 2032 ·
1243 1983 1268 2050 G
1279 1981 1424 2048 ·F·BAR-

304 2090 421 2156 NAES
452 2113 524 2156 cum
553 2090 714 2154 dubitatio
749 2094 860 2154 exorta
889 2095 974 2154 esset
1003 2095 1099 2176 atque
1127 2091 1209 2158 adeo
1238 2091 1424 2157 confidentius

305 2199 529 2264 adseveratum
547 2219 613 2261 non
632 2194 839 2260 BARNAES
860 2196 927 2262 illic
945 2197 1084 2261 incisum
1103 2219 1173 2262 esse
1193 2199 1250 2263 sed
1268 2197 1424 2263 BARNAE

304 2309 444 2368 tantum:
472 2303 616 2368 Henzeui
640 2305 769 2368 demum
793 2306 887 2368 testis
912 2305 1032 2392 oculati
1055 2305 1246 2370 testimonio
1271 2305 1423 2371 certissimo

305 2413 454 2475 effectum
478 2415 527 2475 est
551 2415 587 2475 ut
611 2410 632 2474 S
657 2411 786 2474 litterae
811 2411 921 2494 paullo
946 2413 1073 2476 tenuius
1095 2434 1180 2496 sanc,
1205 2413 1261 2478 sed
1285 2414 1363 2478 idem
1382 2410 1424 2475 ni·

303 2519 390 2582 nime
419 2519 551 2584 dubium
583 2517 756 2602 vestigium
788 2518 936 2582 relictum
964 2540 1033 2582 esse
1061 2519 1210 2583 sciamus.
1258 2520 1326 2596 Quo
1351 2521 1382 2583 iit
1400 2521 1423 2579 nt

304 2648 506 2711 nequaquam
533 2626 629 2690 uobis
658 2629 823 2709 tamquam
853 2647 869 2689 e
893 2625 1042 2689 manibus
1071 2625 1221 2691 elabatur
1248 2627 1309 2692 hoc
1330 2624 1423 2689 vetem

305 2734 532 2799 declinationis
557 2732 788 2815 exemplum.*l

393 2841 564 2905 Praeterea
588 2841 626 2904 de
649 2838 864 2904 MENATES
888 2839 1007 2922 forma,
1035 2862 1132 2922 quam
1155 2839 1366 2905 MINATIVS
1384 2859 1424 2901 no

305 2949 401 3012 minis
429 2948 583 3012 vicariam
615 2948 848 3030 interpretatus
880 2969 951 3009 sum
979 2969 1009 3029 p.
1032 2947 1072 3010 16
1093 2948 1202 3028 [460]‚
1232 2947 1424 3012 dubitationes

305 3077 378 3119 suas
402 3055 520 3118 litteris
544 3053 787 3117 humanissimis
807 3051 1026 3117 Mommscnus
1052 3053 1260 3138 significavit.
1296 3049 1424 3129 Quemad-

305 3162 436 3225 modum
461 3162 546 3225 enim
569 3160 773 3224 Maecenas
800 3157 964 3222 Sufenas
989 3159 1140 3223 Adenas
1163 3161 1300 3226 uomina
1318 3157 1423 3246 (quibus

306 3291 437 3352 prorsus
478 3268 588 3333 affinia
625 3268 786 3333 Larinas
823 3267 1007 3352 Felginas
1044 3267 1231 3351 Fulginas
1269 3265 1423 3331 Sentinas

306 3375 479 3458 Surinas,
526 3377 604 3439 itern
646 3374 834 3457 Melanos,
880 3373 1038 3438 Aemilius
1075 3372 1271 3438 Huebnerus
1315 3372 1420 3440 sociarit
1486 3427 1487 3430 ,

306 3483 435 3559 Quaest,
459 3484 632 3547 onomatol.
657 3506 686 3566 p.
704 3481 758 3567 18)
783 3486 908 3546 constet
932 3481 1103 3566 gentilium
1126 3485 1278 3546 naturam
1302 3487 1333 3546 et
1352 3499 1420 3543 usuu

304 3591 472 3674 recepisse,
495 3591 542 3654 ita
565 3590 646 3654 nihil
671 3591 800 3654 obstare
824 3589 925 3652 videri
951 3587 1120 3672 quominus
1144 3588 1242 3652 etiam
1264 3584 1420 3652 Menasiu

304 3697 480 3782 gentilibus
509 3696 677 3779 habeatur,
709 3695 740 3759 id
770 3700 879 3759 autem
907 3717 1026 3759 nomen
1054 3694 1088 3758 in
1110 3694 1209 3759 titulo
1234 3693 1420 3759 Garmcciam

305 3805 519 3888 antiquiorem
543 3801 715 3866 Menates
739 3803 773 3884 h,
790 3825 816 3866 c.
838 3803 1005 3866 Meuatis
1029 3801 1167 3866 formam
1192 3802 1304 3867 cadem
1325 3801 1419 3866 ration

304 4071 366 4123 ders
385 4069 509 4138 gclcsen,
531 4068 602 4122 ohne
617 4068 680 4121 dens
700 4068 773 4122 dieas
788 4068 890 4135 jedooh
911 4069 1083 4123 danamen
1097 4067 1295 4122 Bnltnsuvs
1308 4059 1414 4123 benthrt'

305 4159 503 4213 Auctarium
522 4156 709 4210 llitscbelii
729 4157 836 4210 Musei
855 4158 954 4211 Rhen.
974 4159 994 4211 t.
1015 4157 1078 4211 XVI
1098 4160 1189 4224 (1861)
1210 4176 1236 4227 p.
1252 4163 1309 4212 640.

393 4266 417 4332 *)
448 4265 499 4335 [Cf.
531 4265 561 4317 P.
586 4263 617 4316 L.
642 4263 677 4316 M.
701 4263 734 4316 Ε.
763 4264 858 4333 Suppl.
889 4281 975 4317 enarr.
1006 4281 1032 4332 p.
1054 4269 1116 4331 102,
1149 4263 1199 4317 ubi
1227 4265 1293 4318 itcm
1318 4269 1412 4316 namtas

305 4355 427 4408 chzcui
450 4351 612 4407 testimonio
637 4355 763 4405 constare
784 4352 876 4406 ‘extra
899 4352 1103 4407 dubitationem
1127 4370 1187 4408 esse
1211 4351 1363 4407 BABNAES
1388 4362 1409 4396 tt

305 4443 503 4511 BARNAEsr)
533 4441 714 4510 scripturam,
741 4441 838 4495 littera
860 4443 962 4496 ultima
984 4441 1140 4512 paullulum
1169 4459 1236 4497 sane
1258 4443 1410 4496 evanescent}

305 4529 353 4585 scd
372 4529 468 4583 cadem
487 4530 602 4585 minime
622 4531 774 4600 arnbigua.’
814 4531 842 4586 C.
859 4532 915 4599 W.)
