2984 5122
424 381 708 430 svrunnmnuuvm
731 381 753 428 1.
1098 365 1161 430 507

49 527 301 590 monumentorum
339 526 488 610 exemplo
525 526 717 590 confirmare
754 505 838 588 licet
897 523 947 588 De
979 523 1100 590 extrita
1132 526 1165 590 in

49 626 295 718 Prosdr)p(c)nois
318 635 351 696 et
373 655 392 696 r
415 637 448 698 et
470 635 484 698 o'
504 633 616 698 littera
638 653 711 698 cum
730 631 870 698 diximus
895 631 973 697 alibi
992 635 1062 696 tum
1080 653 1164 698 com·

47 739 125 804 modo
141 738 287 804 dicemus.
325 737 472 804 Genetivi
498 743 607 804 autem
630 760 702 804 cum
726 738 790 803 alio
814 759 891 803 casu
914 739 948 804 in
966 738 1079 804 eodem
1098 760 1165 804 mo·

45 848 177 910 numento
194 845 467 912 consociationem
487 846 550 911 etsi
568 867 626 930 per
644 867 678 911 se
697 867 763 910 non
783 849 833 910 est
852 867 909 910 cur
926 845 1030 930 magis
1048 845 1165 910 mirere

45 973 124 1034 quam
142 952 260 1018 sociata
277 950 519 1030 MIRQVRIOS
543 955 577 1016 ct
596 950 887 1020 ALIXENTROM
906 951 940 1017 in
958 951 1164 1018 Berolinensi

44 1059 163 1142 speculo,
193 1057 303 1124 IVNO
330 1057 532 1125 flumenta
561 1062 595 1122 et
621 1057 747 1124 lovel
774 1058 809 1122 in
836 1057 1046 1124 Kircheriano
1074 1057 1165 1144 (nam

44 1187 89 1229 neo
109 1165 144 1230 de
166 1167 348 1232 accusativo
372 1162 663 1232 otlmeunom
685 1187 745 1232 nec
769 1165 808 1231 de
831 1165 940 1232 dativo
961 1165 1085 1232 IOVEI
1109 1167 1164 1233 du-

43 1271 218 1359 bitandum),
243 1277 356 1338 tamen
382 1274 481 1338 trium
510 1295 642 1339 casuum
670 1274 704 1338 in
733 1273 864 1357 speculo
889 1271 1016 1340 Cosano
1043 1275 1166 1340 iuncto·

42 1399 110 1462 rum,
131 1377 274 1445 VENOS
296 1379 490 1446 nominativi
514 1401 587 1445 cum
608 1378 783 1446 DIOVEM
806 1382 991 1447 accusativo
1015 1385 1049 1446 et
1071 1403 1165 1468 gene·

41 1485 97 1549 tivo
116 1483 399 1572 PROSEPNAIS,
423 1487 529 1553 simile
553 1488 638 1573 quod
662 1488 801 1553 sciamus
820 1489 1003 1574 exemplum
1022 1488 1165 1554 nondum

41 1591 188 1658 inventum
211 1597 272 1658 est.
316 1593 496 1659 Fatendum
525 1598 576 1659 est
599 1595 683 1660 enim
711 1594 750 1660 de
773 1596 889 1660 talium
912 1595 1090 1663 formarum
1113 1618 1164 1660 ra-

41 1699 113 1762 tione
129 1699 291 1765 Francisci
305 1699 495 1766 Buecheleri
513 1701 617 1767 nostri
637 1702 784 1787 quamvis
803 1703 916 1767 subtili
935 1703 1165 1788 disputatione,

41 1826 108 1888 quae
132 1809 180 1870 est
211 1807 246 1871 in
274 1805 379 1872 Musei
407 1805 509 1874 Rhen.
537 1812 561 1873 t.
584 1807 647 1874 XV
674 1831 703 1893 p.
721 1808 787 1873 444
811 1829 872 1892 sq.,
908 1809 1097 1876 certissimis
1126 1809 1165 1874 de

41 1914 144 1978 caussis
168 1914 265 1979 nobis
293 1936 359 1979 non
386 1937 577 1999 persuasum
606 1936 685 1980 esse.
718 1951 756 1962 -··
791 1913 941 1980 Ceterum
973 1917 1012 1982 de
1039 1915 1165 1983 veriore

39 2015 88 2082 bae
115 2019 333 2105 inscriptionis
365 2021 504 2086 lectione
536 2021 607 2105 ipse
639 2021 705 2086 iam
732 2021 896 2087 Brumnius
928 2021 1098 2090 admonuit
1129 2025 1165 2089 in

39 2121 222 2192 ‘Bullettino'
238 2125 318 2194 Inst.
337 2128 429 2193 Rom.
449 2149 476 2192 a.
494 2129 579 2194 1862
598 2151 627 2213 p.
643 2129 672 2193 6.
708 2126 1014 2213 [Of.supplem.111
1032 2153 1062 2214 p.
1077 2129 1163 2212 xlc]

111 2232 209 2299 Porro
241 2257 361 2300 novam
393 2235 453 2300 sub
481 2233 509 2300 0
535 2240 721 2300 tesseram
754 2234 1033 2320 gladiatoriam
1067 2233 1116 2319 [O.
1139 2238 1218 2303 va

39 2333 257 2408 0101537
286 2363 317 2427 p.
341 2341 420 2426 5603
458 2339 584 2406 Ritschl
612 2340 768 2407 Tesserae
801 2342 888 2428 glad.
919 2364 950 2408 n.
978 2343 1018 2408 19
1056 2344 1165 2430 ibique

37 2445 91 2510 tab.
111 2444 183 2530 lJ]

429 2643 765 2711 nuuuuos

430 2794 601 2862 uolui

390 2945 748 3025 sr·1u·ov1

389 3058 834 3164 00000.οΜ

38 3299 70 3361 ad
90 3301 212 3368 illarum
236 3303 478 3369 multitudinem
501 3302 696 3388 addidimus,
724 3327 803 3389 quas
827 3303 1032 3371 aOlemente
1055 3303 1165 3370 Cardi-

37 3407 91 3471 uali
113 3409 189 3474 olim
208 3413 380 3494 congestas
399 3410 433 3474 in
447 3409 644 3494 Diplomatis
663 3412 896 3508 imperialibus,
920 3411 1055 3478 Velitris
1070 3412 1165 3476 editis

39 3533 59 3574 a
79 3515 164 3600 1835,
186 3539 252 3583 non
275 3538 451 3601 paucorum
479 3517 701 3601 exemplorum
725 3519 908 3584 accessione
937 3523 1026 3584 aetas
1054 3523 1166 3584 mostra

38 3627 134 3688 auctas
160 3625 255 3691 vidit:
288 3645 426 3708 quorum
454 3625 608 3689 maiorem
636 3628 762 3708 partem
791 3625 996 3710 lithographi
1023 3629 1093 3688 arte
1117 3647 1164 3688 rc-

37 3735 260 3806 praesentatam
289 3731 389 3796 habes
418 3731 451 3796 in
475 3731 510 3796 P.
533 3729 569 3796 L.
593 3731 635 3796 M.
659 3731 697 3796 E.
720 3733 787 3796 tab.
806 3731 856 3796 111
885 3730 944 3795 sub
968 3730 1009 3794 H
1016 3729 1111 3794 —W
1133 3734 1167 3793 et

38 3836 126 3917 suppl.
148 3839 214 3904 tab.
232 3837 357 3904 XCVII
380 3839 439 3904 sub
463 3837 592 3904 H-M.
638 3838 821 3904 Publieavit
843 3837 934 3902 illam
957 3857 1058 3919 nuper
1078 3834 1165 3899 Hen-

38 3959 120 4006 zenus
142 3944 175 4008 in
197 3944 294 4011 huius
319 3946 395 4011 anni
418 3945 622 4012 ‘Bullettino'
645 3970 676 4031 p.
696 3947 748 4029 81,
778 3947 943 4028 acceptam
967 3965 986 4008 a
1009 3941 1078 4006 cive
1102 3939 1164 4006 Bo·

38 4067 121 4114 mano
138 4049 274 4118 Abbati:
301 4075 361 4118 nos
384 4053 528 4118 Brnnnio
552 4052 706 4120 debemus
734 4057 851 4118 stanno
874 4071 1069 4135 expressam.
1116 4049 1165 4112 Ad

38 4156 170 4222 consules
202 4179 273 4224 eam
306 4157 363 4225 GN
379 4195 385 4209 ·
401 4158 603 4227 GORnelium
635 4160 672 4225 P.
697 4161 721 4241 f.
749 4159 916 4224 Lentulum
944 4155 1167 4221 Marcellinum

39 4253 261 4330 bullenum
287 4265 324 4331 L.
350 4267 374 4346 f.
406 4265 441 4347 Q.
467 4286 499 4331 a.
528 4265 711 4348 Pbilnppum
743 4263 820 4328 anni
849 4263 913 4328 698
951 4267 1098 4347 spectare
1131 4264 1165 4327 in

40 4370 196 4448 propatulo
223 4377 281 4438 est.
331 4371 519 4438 Eorundem
548 4372 718 4437 consulum
746 4369 779 4434 in
807 4369 872 4434 alia
899 4373 1035 4454 tessera,
1069 4393 1166 4456 qnam

40 4475 103 4550 post
123 4472 290 4544 Matinium
314 4477 386 4545 Act
414 4477 453 4544 fr.
481 4477 558 4544 Aru.
588 4503 619 4564 p.
643 4478 707 4544 823
740 4498 814 4542 cum
842 4473 1024 4542 Oardinalis
1051 4499 1082 4566 p.
1103 4479 1163 4544 121
