3040 5122
308 334 370 397 126
584 351 805 398 norvanum
830 350 1061 398 arianimirus
1086 349 1179 396 rum.

304 493 500 557 testimoniis
528 493 601 577 plus
630 516 725 577 quam
754 517 813 559 uos
842 494 916 558 fidei
944 491 1117 578 tribuant),
1146 491 1184 555 de
1209 489 1264 553 AF
1289 487 1430 572 praeposi·

304 600 404 683 tione,
427 599 466 663 de
489 599 695 665 POPLIOVS
719 600 833 665 forma.

394 706 502 791 Atque
516 705 596 771 haee
615 707 662 770 ita
682 708 859 792 disputavi,
882 713 1047 791 tamquam
1070 707 1097 770 si
1116 705 1154 770 de
1174 710 1320 789 tempore
1339 701 1433 784 scripti
1506 747 1507 756 a

304 811 391 876 tituli
415 813 543 878 aliunde
566 837 630 879 non
655 817 834 880 constaret:
859 814 897 877 de
922 837 984 898 quo
1008 819 1076 878 tam
1096 812 1249 877 distincte
1269 812 1391 876 constat
1407 813 1435 870 ut
1502 802 1507 813 '

303 941 344 983 ne
372 942 475 985 annus
506 921 634 1004 quidem
662 922 774 987 lateat.
819 921 895 985 Feci
925 924 1032 984 autem
1064 919 1144 984 illud
1175 942 1214 984 eo
1244 917 1438 994 consiliunt,

305 1049 401 1109 quam
425 1051 490 1092 non
515 1033 601 1092 esset
624 1028 723 1093 fallax
747 1029 781 1092 in
804 1028 865 1093 hoc
890 1048 1007 1112 genere
1029 1026 1238 1113 epigraphico
1258 1049 1278 1090 a
1298 1022 1439 1090 sermonis

306 1133 413 1198 indole
441 1135 588 1218 profecta
615 1137 834 1219 ratiocinatio,
861 1137 962 1200 immo
990 1157 1086 1219 quam
1116 1134 1245 1199 subtilis
1270 1129 1439 1215 indagatrix

306 1240 463 1324 verItatis,
487 1241 649 1308 luculento
674 1243 820 1327 exemplo
845 1241 1054 1306 manifestum
1078 1243 1177 1306 lieret.
1224 1240 1273 1305 Ac
1301 1235 1438 1303 ficticium
1499 1224 1505 1233 ¹

307 1367 377 1409 esse
402 1348 456 1429 qui
481 1347 569 1413 tituli
594 1351 753 1435 principio
778 1371 863 1414 nunc
886 1349 952 1413 tere
975 1372 1087 1414 versus
1111 1347 1336 1434 praemittitur
1401 1412 1403 1416 ,
1500 1348 1505 1365 “

362 1487 438 1568 Μ’·
456 1490 728 1590 AQVILIVS
746 1525 753 1538 ·
769 1491 826 1574 Μ’
842 1527 847 1538 ·
864 1492 898 1573 F
916 1525 922 1537 ·
939 1489 1155 1573 GALLVS
1172 1523 1178 1536 ·
1196 1485 1403 1572 PROOOS
1500 1496 1505 1579 ἓ

304 1630 466 1692 testantur
489 1651 561 1694 eum
587 1629 787 1696 Mommseuo
811 1615 973 1715 quotquot
997 1629 1138 1711 lapidem
1159 1629 1272 1694 Pollae
1297 1627 1439 1693 videnmt.
1498 1606 1504 1639 ¹

267 1761 290 1798 11
306 1731 407 1807 Quem
431 1756 448 1797 e
470 1733 555 1800 Celsi
571 1735 730 1801 Oittadini
754 1737 879 1802 schedis
904 1736 1043 1821 petitum
1067 1736 1207 1819 primum
1227 1736 1331 1799 altera
1354 1731 1440 1798 editio
1498 1732 1504 1803 Ι

307 1837 459 1922 Corporis
483 1840 666 1907 Gruteriaui
691 1843 806 1909 adsuit.
851 1842 963 1908 Celsus
987 1843 1070 1907 unde
1094 1842 1271 1925 habuisset,
1294 1863 1352 1906 nec
1376 1835 1440 1901 Hol-
1499 1842 1504 1853 ¹

306 1945 410 2010 steuio
434 1968 493 2011 uec
517 1949 588 2012 aliis
612 1953 825 2034 compertum:
856 1951 918 2014 nisi
943 1950 1028 2034 quod
1052 1972 1069 2014 e
1094 1949 1165 2013 sola
1188 1949 1373 2014 coniectura
1395 1966 1439 2009 na·

307 2055 376 2114 tum
391 2051 610 2119 Mommsenus
630 2057 778 2139 pervidit.
812 2055 987 2122 Auctorem
1012 2056 1133 2120 fraudis
1160 2078 1358 2140 quamquam
1378 2050 1440 2115 dolo
1498 2086 1503 2127 :

306 2158 392 2222 malo
416 2182 482 2224 non
505 2162 695 2226 commissae
718 2165 846 2247 repperi
863 2164 1088 2228 Pisaurensem
1111 2162 1279 2228 hominem
1303 2163 1353 2228 eui
1369 2160 1439 2224 Gau·
1497 2156 1503 2237 ἶ

307 2285 362 2348 ges
392 2265 429 2328 de
459 2265 561 2332 Gozze
588 2267 757 2356 nomen*):
791 2270 845 2353 qui
873 2270 996 2334 Itomae
1024 2294 1052 2334 a.
1075 2270 1157 2334 1637
1187 2270 1275 2334 edita
1304 2269 1440 2333 disserta
1497 2266 1502 2287 “

306 2371 394 2435 tione
418 2369 621 2438 ¹Iserittione
650 2376 736 2440 della
760 2377 836 2441 base
866 2377 949 2440 della
974 2375 1120 2442 Colonna
1148 2381 1291 2442 rostrata
1319 2377 1372 2461 gib
1398 2369 1438 2435 uel

306 2474 377 2540 toro
401 2475 548 2544 Romano
578 2483 723 2565 supplita
751 2483 790 2546 ed
813 2482 993 2548 illustrata'
1023 2484 1070 2547 sic
1096 2488 1133 2548 ut
1158 2483 1246 2548 infra
1274 2483 1385 2567 scripsi
1409 2480 1440 2542 de

306 2581 442 2648 Pellana
460 2585 668 2670 inscriptione
688 2595 924 2654 commentatur
941 2614 970 2674 p.
987 2591 1004 2654 7
1030 2591 1310 2673 interpretationis
1332 2589 1439 2653 latinae
1496 2622 1503 2659 2

308 2710 389 2771 quae
421 2691 542 2756 inserta
575 2701 625 2758 est
653 2695 782 2760 Graevii
816 2697 1055 2780 Burmannique
1089 2697 1257 2762 Thesauro
1289 2697 1386 2780 antiq.
1414 2703 1437 2756 el
1498 2702 1503 2767 ἶ

307 2793 383 2860 hist.
407 2795 480 2862 Ital.
504 2805 526 2863 t.
546 2799 592 2864 IX
622 2807 703 2884 part.
724 2801 815 2866 VIII:
850 2803 949 2868 ‘Idem
977 2806 1112 2868 cerniaer
1140 2803 1301 2889 (loquitur
1327 2803 1364 2867 de
1386 2820 1438 2864 non
1497 2806 1504 2877 ξ

308 2904 480 2984 geminatis
510 2909 777 2994 consonantibus)
806 2912 841 2974 in
868 2911 938 2994 illo,
970 2932 1047 2992 qaae
1074 2919 1115 2975 od
1146 2911 1227 2975 brine
1255 2933 1349 2992 usque
1373 2911 1438 2973 elien
1499 2920 1504 2937 ¹

304 3011 418 3088 parieti
437 3012 577 3093 Hospitii
596 3014 745 3080 Pollerrsis
767 3018 908 3081 irunu'sso
931 3023 1038 3100 castet,
1061 3021 1104 3082 ad
1125 3039 1249 3082 arranem·
1266 3019 1440 3100 Toacpnnn,
1499 2994 1504 3029 ¹

308 3115 430 3194 rvalpato
453 3120 575 3182 narratae
598 3120 631 3184 It
653 3122 755 3204 Neara
777 3125 901 3202 (lictum,
924 3125 959 3187 ia
982 3125 1135 3208 Laconia,
1159 3125 1339 3190 Besilieota
1360 3123 1440 3195 ltalia

308 3219 351 3280 ud
373 3221 531 3286 introitum
554 3225 634 3288 della
653 3227 739 3292 Velle
761 3231 794 3293 di
812 3229 930 3308 Dione,
954 3232 1008 3312 qui
1031 3232 1139 3295 Plinio
1162 3237 1205 3296 cst
1231 3231 1368 3314 Conana
1384 3229 1440 3294 Aa·

308 3331 542 3407 restaurante
566 3332 712 3412 Appiano
735 3336 953 3400 Illotleernatiec
979 3339 1012 3401 in
1035 3339 1111 3402 libro
1134 3358 1190 3402 sno
1212 3340 1250 3402 de
1273 3339 1440 3403 sacrosan·

310 3436 357 3495 tere
382 3432 471 3496 Vrbis
493 3440 635 3500 vetustate
660 3442 713 3519 sol.
731 3448 801 3506 104.
849 3445 920 3507 inde
943 3466 1010 3508 earn
1032 3446 1191 3526 descripsit
1215 3446 1320 3511 Alilais
1341 3446 1441 3510 Menn-

310 3539 371 3601 tins
393 3541 507 3622 aliique
529 3546 712 3629 recentiores,
735 3551 788 3613 sed
809 3556 948 3632 corrupte
971 3573 1087 3628 orienes,
1114 3572 1177 3616 non
1205 3554 1297 3617 irrata
1324 3553 1357 3617 id
1375 3547 1443 3632 qiud

310 3647 459 3724 cernitur,⁸
483 3669 519 3711 eu
543 3650 628 3729 intio
650 3656 757 3735 serapti
781 3659 892 3721 terroris
915 3663 958 3721 est
980 3657 1141 3742 (sequitur
1166 3657 1338 3744 inscriptio
1360 3659 1441 3738 longe

312 3751 519 3817 vitiosissime
543 3758 889 3845 neglegentissimeque
913 3761 1025 3848 edita).
1071 3765 1179 3828 Facile
1201 3771 1306 3830 certem
1328 3763 1440 3830 credide·

311 3857 372 3919 rina
394 3866 546 3926 erectorem
573 3863 665 3928 lanius
689 3865 905 3947 Inscriptionis
934 3871 1031 3949 secisse
1058 3873 1233 3936 Man-iuni
1262 3873 1439 3956 Aquilium

313 3959 474 4041 Gallum,
496 3970 551 4047 qni
573 3969 742 4036 I'roecasul
764 3975 809 4037 eet
828 3974 958 4040 Praetor
977 3977 1104 4042 Siciliae
1124 3981 1197 4063 liat,
1221 3985 1352 4063 tenpore
1370 3973 1441 4042 Belli

312 4063 450 4144 Scottis,
482 4093 564 4136 uario
591 4075 629 4137 ob
654 4077 729 4142 Vrbe
752 4079 883 4144 Condita
906 4081 1057 4160 DCLIV,
1089 4107 1110 4146 c
1138 4085 1312 4150 Consulatu
1338 4079 1440 4150 Duilli

384 4257 408 4322 *l
429 4257 528 4324 [Immo
548 4261 616 4315 haee
635 4267 702 4319 olim
721 4271 863 4336 praemitti
883 4274 967 4328 solita
986 4277 1072 4329 verba
1090 4294 1146 4331 non
1165 4279 1281 4334 alirmde
1296 4279 1347 4334 nisi
1361 4295 1374 4330 c
1387 4289 1436 4328 cou-

314 4341 418 4397 iccturu
441 4345 514 4399 Celsi
533 4349 667 4406 Cittadini
685 4374 809 4413 manasse
833 4361 927 4416 docuit
950 4364 1121 4420 ltitsebclius
1145 4385 1246 4424 comm.
1271 4369 1306 4423 de
1328 4367 1437 4422 columna

314 4433 433 4486 rostrata
452 4433 542 4501 priore
560 4438 642 4504 (intra
661 4460 686 4496 n.
701 4445 747 4510 t'l,
764 4451 788 4512 1)
807 4466 832 4516 p.
849 4455 864 4502 9
884 4451 945 4506 adu.
985 4453 1012 4506 C.
1028 4454 1086 4521 W.]
