3020 5118
318 352 380 415 162
596 371 814 418 urouvnnurn
839 371 1075 419 nrmnxemox
1099 371 1192 417 rem.

275 551 300 590 n
316 529 412 592 οὐδέν
436 529 497 592 ἐπ’
521 529 695 608 ἀπώμοτον
724 531 758 594 in
790 530 851 594 hoo
881 552 997 614 genere
1027 531 1187 608 universo.
1232 526 1362 591 Tantum
1381 515 1436 587 esse

316 637 348 698 in
376 637 550 718 propatulo
582 638 687 719 video,
719 638 881 719 disparem
911 638 943 700 in
970 637 1104 718 pdprdus
1136 642 1169 698 et
1195 634 1335 715 pri-blicam
1360 640 1437 716 atque

315 741 402 806 adeo*
422 745 568 824 poplicus
596 743 748 807 Plautino
782 745 967 827 prosodiam
1002 765 1067 806 non
1104 740 1233 805 aliunde
1266 740 1327 804 nisi
1353 762 1386 802 ex
1410 763 1437 802 co

315 849 463 931 pendere,
497 851 581 933 quod
614 851 682 914 illic
714 874 846 934 prorsus
880 853 1029 934 exempta
1063 853 1112 912 est
1138 871 1156 911 c
1184 868 1373 928 consonans,
1399 847 1438 908 hie

316 955 426 1020 eadem
450 958 515 1020 vim
545 979 637 1020 suam
671 980 743 1022 cum
777 981 815 1022 ca
847 981 929 1042 quae
963 957 1126 1040 praecedit
1155 954 1261 1019 vocali
1289 952 1440 1018 communi·

316 1064 403 1126 cavit
426 1085 537 1146 eorpus,
561 1067 597 1126 nt
621 1064 720 1148 longa
744 1086 761 1126 e
787 1065 876 1127 brevi
901 1067 1005 1146 lieret,
1034 1063 1148 1126 effecit.
1196 1061 1347 1143 Superest
1367 1066 1399 1123 ut
1416 1061 1440 1122 iu

316 1169 390 1230 aliis
414 1170 609 1232 sociatarum
634 1169 692 1232 OV
716 1170 898 1233 litterarum
918 1169 1074 1252 exemplis
1092 1192 1111 1232 u
1130 1169 1338 1232 consonantis
1355 1167 1441 1229 firns-

316 1280 459 1339 mentum
488 1276 706 1340 certissimum
735 1298 772 1340 ex
802 1276 958 1341 Oscorum
990 1299 1138 1340 sermone
1168 1277 1301 1359 petiisse
1328 1273 1442 1338 lllomn-
1496 1316 1501 1329 ·

315 1404 428 1445 senum
458 1403 593 1445 narrem.
639 1383 677 1445 ln
707 1406 769 1465 quo
799 1387 834 1447 ut
861 1383 959 1448 srivels
983 1384 1082 1447 ειιιιιιιῑ
1107 1384 1206 1446 sicii-m
1228 1381 1311 1445 sirim
1332 1382 1443 1456 formae.
1500 1382 1501 1388 ’

315 1486 355 1550 nd
380 1510 516 1570 quarum
541 1489 784 1553 similitudinem
808 1490 951 1573 proxime
972 1488 1096 1553 accedit
1115 1488 1149 1552 in
1168 1489 1280 1573 lingua
1301 1489 1442 1552 Sanscnta
1494 1532 1500 1545 .

311 1607 390 1676 swa,
413 1595 447 1658 in
472 1594 595 1659 Graeca
618 1597 707 1680 (φόε,
731 1601 870 1679 aequant
890 1597 1077 1661 Latinorum
1100 1618 1185 1660 soros
1207 1617 1310 1661 smum
1333 1597 1443 1662 formes

314 1703 391 1765 item
415 1707 568 1767 stoforoc
603 1703 634 1766 in
671 1725 746 1765 vase
774 1703 903 1766 Lucam)
932 1703 1070 1766 incisum
1099 1702 1198 1786 (apud
1228 1702 1442 1766 lllomrnsenun
1494 1710 1499 1779 ξ

281 1837 283 1842 ’
313 1832 342 1892 p.
357 1810 436 1894 270)
456 1811 594 1875 latinum
615 1807 800 1893 (discreditis
818 1832 949 1874 nomen:
968 1810 1016 1873 ita
1036 1810 1144 1872 Tertio
1163 1810 1197 1873 in
1216 1810 1315 1872 titulo
1334 1807 1444 1873 Corano
1492 1783 1499 1919 Ι

315 1916 471 1997 scriptum
504 1916 607 1978 lucem
637 1938 654 1978 e
683 1916 785 1979 nobili
815 1915 917 1980 Oscae
948 1917 1080 2000 linguae
1110 1918 1210 2000 stirpe
1240 1923 1319 1980 luel-
1348 1915 1445 1996 accipit
1492 1922 1499 2003 l

308 2020 468 2100 prole-un
488 2022 692 2105 significante
712 2021 1012 2105 (ctldommscnum
1029 2048 1057 2107 p.
1073 2022 1162 2108 304),
1182 2025 1312 2107 quicum
1331 2030 1362 2087 et
1380 2021 1444 2085 San·
1492 2014 1499 2109 l

316 2126 433 2189 soritae
462 2130 556 2189 ddunt
579 2129 717 2190 formam
743 2132 775 2190 et
798 2127 870 2191 Lat'
847 2132 934 2192 tinae
958 2135 999 2192 {ol
996 2151 1036 2192 us
1060 2151 1234 2214 congruere
1258 2133 1402 2213 perspect
1400 2149 1445 2190 un
1491 2132 1499 2263 Ι

315 2238 373 2297 est.
351 2233 537 2297 tlndidem
557 2234 746 2296 arcessitam
767 2234 901 2298 idoli-st
870 2236 1015 2318 stirpem,
1035 2259 1107 2300 cum
1128 2239 1201 2301 aliis
1222 2237 1375 2320 exemplis
1390 2241 1445 2297 tun
1493 2266 1498 2289 ι

315 2339 366 2402 his
399 2341 591 2404 lrivlronctcis
624 2344 785 2419 λουκανομ
814 2365 833 2405 a
862 2365 895 2405 se
923 2344 1077 2409 inlustt
1011 2350 1077 2409 ra
1078 2368 1130 2408 arn
1161 2368 1190 2426 p.
1220 2345 1295 2426 273,
1328 2343 1446 2406 Momm·
1491 2294 1498 2397 l

316 2467 412 2508 senus
437 2445 584 2509 adhibuit
608 2446 718 2510 latinis
742 2447 855 2512 LOVO
880 2451 1094 2533 explicandis:
1128 2475 1190 2535 quo
1215 2457 1249 2514 et
1271 2451 1402 2514 Loccim
1422 2453 1445 2508 et

315 2553 517 2616 Βουεαιια
485 2574 501 2615 e
541 2575 559 2614 a
579 2552 748 2618 Victorino
773 2555 880 2638 prolat
882 2579 900 2618 a
919 2557 1040 2620 Ioecct'
1016 2563 1073 2620 tros
1097 2561 1129 2620 et
1154 2558 1279 2639 lonncn
1304 2563 1405 2620 ortum
1423 2553 1445 2614 id

316 2660 443 2744 quidem
464 2682 481 2723 e
501 2660 640 2741 discernor,
660 2661 849 2742 portinere
840 2662 1049 2745 intellegitur,
1068 2664 1120 2726 vix
1136 2669 1222 2726 recte
1237 2663 1444 2727 tamenteisn
1493 2660 1498 2687 ¹

309 2768 449 2848 polineio
479 2766 579 2829 refert
565 2770 626 2828 t.ur
672 2765 744 2829 Huc
773 2767 853 2829 aclde
884 2789 900 2828 e
928 2767 1158 2852 aeconomia(
1146 2767 1210 2852 (vel
1241 2771 1361 2833 rectius
1387 2788 1446 2830 cum
1492 2702 1499 2825 i

315 2873 515 2937 Mommseno
540 2897 569 2956 p.
593 2873 658 2936 28)
682 2871 869 2935 nebulonum
898 2878 935 2936 ut
962 2875 1049 2938 videt
1037 2877 1102 2959 tur)
1132 2876 1357 2958 explicandum
1380 2876 1447 2938 λ’·-οι

315 2983 395 3044 ceria
414 3002 541 3061 nomen,
561 3003 617 3061 per
638 2979 777 3042 mediam
797 3002 876 3063 quae
897 2982 1028 3044 evanuit
1047 2983 1179 3046 Nuceria
1198 2982 1338 3046 formam
1357 2987 1444 3046 trans·

315 3108 463 3168 gressum
493 3089 525 3150 iu
551 3087 701 3149 Nuceria:
732 3087 818 3170 quod
848 3092 961 3150 eontra
989 3111 1006 3150 e
1030 3090 1123 3153 ariolo
1151 3095 1355 3171 procreatum
1378 3087 1445 3153 d'olu
1495 3146 1501 3187 Ι

315 3195 347 3256 in
372 3215 389 3256 o
412 3193 517 3257 vocali
547 3192 727 3256 subsistens
756 3215 821 3256 non
850 3199 900 3256 cst
928 3195 967 3256 ad
992 3195 1079 3258 Nulo
1110 3216 1328 3278 progressum.
1374 3193 1446 3256 Haec
1496 3252 1500 3263 ,

315 3304 437 3380 autem,
467 3321 547 3383 quae
576 3305 651 3362 sunt
680 3300 830 3363 ltnccrrio
858 3305 890 3364 et
915 3301 1056 3365 ltlrlo'lr.
1086 3324 1110 3364 e.
1134 3305 1301 3384 tamqnam
1328 3301 1447 3366 Notou.

315 3412 351 3470 ut
383 3407 524 3472 dubitari
558 3408 671 3489 nequit
704 3408 779 3490 quin
814 3408 971 3491 originem
1005 3408 1124 3474 ducant
1158 3409 1197 3472 ab
1231 3431 1269 3472 eo
1298 3409 1381 3492 quod
1408 3416 1446 3468 cst

314 3535 419 3596 nocam,
443 3516 524 3578 unde
548 3517 644 3578 etiam
671 3517 827 3578 Novaricia
851 3516 1001 3579 Nor-onoc
1024 3517 1147 3580 Nouae
1172 3517 1308 3580 Nursiae
1331 3515 1445 3579 nonius

315 3621 490 3705 repetenda
518 3644 587 3684 csse
616 3621 835 3686 Mommscnus
864 3623 1050 3706 persuadet,
1078 3625 1124 3687 ita
1156 3623 1299 3687 eiusdem
1329 3623 1445 3704 stirpen

315 3728 464 3793 adiectivi
488 3750 583 3793 nemo
607 3751 673 3792 non
698 3733 853 3810 agnoscat
877 3729 909 3792 in
934 3731 1094 3792 uocaliorc
1112 3729 1220 3812 verbu,
1244 3729 1329 3813 quod
1348 3729 1381 3792 in
1396 3727 1445 3789 lroc

314 3858 429 3921 genere
454 3835 642 3899 Victorinus
666 3841 823 3899 numerat.
868 3835 984 3899 Restat
1006 3836 1108 3920 igitur
1132 3859 1230 3900 unum
1254 3838 1373 3900 dos-cere
1390 3853 1444 3896 ver·

314 3945 403 4007 bum:
434 3943 523 4005 cuius
548 3943 639 4006 radix
664 3965 741 4005 num
766 3943 843 4005 item
867 3964 885 4004 v
909 3964 1021 4006 sonum
1047 3944 1212 4026 proprium
1237 3943 1300 4006 sibi
1325 3936 1443 4022 antiqui·

314 4057 366 4114 tus
396 4050 561 4132 habuerit,
586 4051 624 4112 dc
654 4071 715 4132 qno
745 4050 797 4112 vix
821 4071 892 4112 esse
916 4048 1129 4112 dubitandum
1154 4049 1294 4132 videtur,
1326 4051 1444 4114 fortasse

314 4157 445 4220 edocere
475 4179 533 4218 nos
564 4161 717 4238 poterunt
740 4156 767 4218 si
792 4156 845 4239 qui
871 4181 887 4218 a
914 4156 1085 4238 multiplici
1111 4156 1296 4240 linguarum
1320 4157 1399 4219 inter
1418 4169 1443 4210 sc

314 4268 571 4346 comparatorum
597 4267 755 4346 apparatu
779 4263 930 4326 instructi
960 4264 1041 4326 bene
1066 4263 1180 4325 mereri
1205 4262 1244 4326 dc
1269 4263 1319 4326 his
1342 4257 1442 4324 lituris

316 4370 431 4432 volent.
478 4368 515 4432 In
545 4369 660 4452 quibus
689 4370 735 4431 illi
770 4369 842 4452 plus
876 4373 989 4433 nostra
1017 4370 1179 4432 sententia
1208 4370 1386 4452 proficient,
1414 4361 1443 4432 sl,

314 4476 389 4561 quid
410 4475 538 4538 landem
561 4476 740 4537 instituisse
761 4481 857 4557 atiquo
878 4477 1032 4558 proluisse
1053 4476 1229 4558 antiquitas
1249 4475 1370 4538 curiose
1388 4489 1441 4552 prr·
