<?xml version="1.0" encoding="UTF-8"?>
<!DOCTYPE html PUBLIC "-//W3C//DTD XHTML 1.0 Transitional//EN"
    "http://www.w3.org/TR/xhtml1/DTD/xhtml1-transitional.dtd">
<html xmlns="http://www.w3.org/1999/xhtml" xml:lang="en" lang="en">
 <head>
  <title>
</title>
<meta http-equiv="Content-Type" content="text/html;charset=utf-8" />
  <meta name='ocr-system' content='tesseract 3.04.00' />
  <meta name='ocr-capabilities' content='ocr_page ocr_carea ocr_par ocr_line ocrx_word'/>
</head>
<body>
  <div class='ocr_page' id='page_1' title='image "./fridericiritsch03ritsgoog_0056.png"; bbox 0 0 3108 5142; ppageno 0'>
   <div class='ocr_carea' id='block_1_1' title="bbox 391 379 1216 446">
    <p class='ocr_par' dir='ltr' id='par_1_1' title="bbox 391 379 1216 446">
     <span class='ocr_line' id='line_1_1' title="bbox 391 379 1216 446; baseline 0.001 -3"><span class='ocrx_word' id='word_1_1' title='bbox 391 395 560 444; x_wconf 77' lang='lat' dir='ltr'><strong>nonnoso</strong></span> <span class='ocrx_word' id='word_1_2' title='bbox 583 395 726 446; x_wconf 76' lang='lat' dir='ltr'><strong>nassum</strong></span> <span class='ocrx_word' id='word_1_3' title='bbox 750 395 895 446; x_wconf 81' lang='lat' dir='ltr'><strong>nonnas.</strong></span> <span class='ocrx_word' id='word_1_4' title='bbox 1171 379 1216 444; x_wconf 81' lang='lat'><strong>25</strong></span> 
     </span>
    </p>
   </div>
   <div class='ocr_carea' id='block_1_2' title="bbox 85 537 1250 4576">
    <p class='ocr_par' dir='ltr' id='par_1_2' title="bbox 86 537 1250 1585">
     <span class='ocr_line' id='line_1_2' title="bbox 89 537 1217 606; baseline 0.002 -4"><span class='ocrx_word' id='word_1_5' title='bbox 89 537 254 604; x_wconf 76' lang='lat' dir='ltr'><strong>Fatendum</strong></span> <span class='ocrx_word' id='word_1_6' title='bbox 281 543 468 604; x_wconf 83' lang='lat' dir='ltr'><strong>esttamen</strong></span> <span class='ocrx_word' id='word_1_7' title='bbox 496 541 530 604; x_wconf 87' lang='lat' dir='ltr'><strong>et</strong></span> <span class='ocrx_word' id='word_1_8' title='bbox 557 539 623 604; x_wconf 86' lang='lat' dir='ltr'><strong>vim</strong></span> <span class='ocrx_word' id='word_1_9' title='bbox 651 543 686 604; x_wconf 89' lang='lat' dir='ltr'><strong>et</strong></span> <span class='ocrx_word' id='word_1_10' title='bbox 712 539 808 604; x_wconf 84' lang='lat' dir='ltr'><strong>fidem</strong></span> <span class='ocrx_word' id='word_1_11' title='bbox 836 539 932 604; x_wconf 88' lang='lat' dir='ltr'><strong>huius</strong></span> <span class='ocrx_word' id='word_1_12' title='bbox 958 539 1217 606; x_wconf 74' lang='lat' dir='ltr'><strong>ratiocinationis</strong></span> 
     </span>
     <span class='ocr_line' id='line_1_3' title="bbox 88 644 1220 732; baseline 0 -22"><span class='ocrx_word' id='word_1_13' title='bbox 88 667 144 711; x_wconf 94' lang='lat' dir='ltr'><strong>non</strong></span> <span class='ocrx_word' id='word_1_14' title='bbox 165 645 278 710; x_wconf 79' lang='lat' dir='ltr'><strong>leviter</strong></span> <span class='ocrx_word' id='word_1_15' title='bbox 299 667 336 710; x_wconf 93' lang='lat' dir='ltr'><strong>eo</strong></span> <span class='ocrx_word' id='word_1_16' title='bbox 354 644 561 730; x_wconf 80' lang='lat' dir='ltr'><strong>labefactari,</strong></span> <span class='ocrx_word' id='word_1_17' title='bbox 584 645 685 731; x_wconf 85' lang='lat' dir='ltr'><strong>quod,</strong></span> <span class='ocrx_word' id='word_1_18' title='bbox 708 647 941 732; x_wconf 81' lang='lat' dir='ltr'>qualecumque</span> <span class='ocrx_word' id='word_1_19' title='bbox 960 667 1095 732; x_wconf 85' lang='lat' dir='ltr'><strong>sequare</strong></span> <span class='ocrx_word' id='word_1_20' title='bbox 1115 646 1220 730; x_wconf 83' lang='lat' dir='ltr'><strong>dispo</strong></span> 
     </span>
     <span class='ocr_line' id='line_1_4' title="bbox 87 751 1222 838; baseline 0.002 -22"><span class='ocrx_word' id='word_1_21' title='bbox 87 752 172 818; x_wconf 84' lang='lat' dir='ltr'><strong>nendi</strong></span> <span class='ocrx_word' id='word_1_22' title='bbox 194 773 309 838; x_wconf 79' lang='lat' dir='ltr'><strong>genus,</strong></span> <span class='ocrx_word' id='word_1_23' title='bbox 331 751 581 838; x_wconf 75' lang='lat' dir='ltr'><strong>haudquaquam</strong></span> <span class='ocrx_word' id='word_1_24' title='bbox 605 753 676 838; x_wconf 88' lang='lat' dir='ltr'><strong>pari</strong></span> <span class='ocrx_word' id='word_1_25' title='bbox 700 753 750 818; x_wconf 82' lang='lat' dir='ltr'><strong>rel</strong></span> <span class='ocrx_word' id='word_1_26' title='bbox 772 753 872 819; x_wconf 90' lang='lat' dir='ltr'><strong>simili</strong></span> <span class='ocrx_word' id='word_1_27' title='bbox 892 754 1112 818; x_wconf 74' lang='lat' dir='ltr'><strong>concinnitate</strong></span> <span class='ocrx_word' id='word_1_28' title='bbox 1131 754 1164 818; x_wconf 93' lang='lat' dir='ltr'><strong>iu</strong></span> <span class='ocrx_word' id='word_1_29' title='bbox 1183 775 1222 818; x_wconf 87' lang='lat' dir='ltr'><strong>ea</strong></span> 
     </span>
     <span class='ocr_line' id='line_1_5' title="bbox 87 859 1250 946; baseline 0.003 -23"><span class='ocrx_word' id='word_1_30' title='bbox 87 863 167 944; x_wconf 86' lang='lat' dir='ltr'><strong>parte</strong></span> <span class='ocrx_word' id='word_1_31' title='bbox 194 881 358 943; x_wconf 77' lang='lat' dir='ltr'><strong>ramnum,</strong></span> <span class='ocrx_word' id='word_1_32' title='bbox 390 881 472 946; x_wconf 89' lang='lat' dir='ltr'><strong>quse</strong></span> <span class='ocrx_word' id='word_1_33' title='bbox 500 861 541 925; x_wconf 90' lang='lat' dir='ltr'><strong>sb</strong></span> <span class='ocrx_word' id='word_1_34' title='bbox 569 861 674 926; x_wconf 89' lang='lat' dir='ltr'><strong>initiis</strong></span> <span class='ocrx_word' id='word_1_35' title='bbox 703 883 804 946; x_wconf 91' lang='lat' dir='ltr'><strong>usque</strong></span> <span class='ocrx_word' id='word_1_36' title='bbox 837 861 877 926; x_wconf 86' lang='lat' dir='ltr'><strong>ad</strong></span> <span class='ocrx_word' id='word_1_37' title='bbox 905 861 1039 926; x_wconf 83' lang='lat' dir='ltr'><strong>lacunas</strong></span> <span class='ocrx_word' id='word_1_38' title='bbox 1071 859 1250 944; x_wconf 70' lang='lat' dir='ltr'><strong>pertinetur</strong></span> 
     </span>
     <span class='ocr_line' id='line_1_6' title="bbox 87 967 1221 1054; baseline 0.003 -25"><span class='ocrx_word' id='word_1_39' title='bbox 87 967 256 1030; x_wconf 86' lang='lat' dir='ltr'><strong>litterarum</strong></span> <span class='ocrx_word' id='word_1_40' title='bbox 279 987 431 1034; x_wconf 85' lang='lat' dir='ltr'><strong>numeros</strong></span> <span class='ocrx_word' id='word_1_41' title='bbox 453 971 650 1054; x_wconf 84' lang='lat' dir='ltr'><strong>exaequatos</strong></span> <span class='ocrx_word' id='word_1_42' title='bbox 673 967 833 1052; x_wconf 85' lang='lat' dir='ltr'><strong>videmus,</strong></span> <span class='ocrx_word' id='word_1_43' title='bbox 860 973 958 1054; x_wconf 87' lang='lat' dir='ltr'><strong>atque</strong></span> <span class='ocrx_word' id='word_1_44' title='bbox 986 967 1094 1034; x_wconf 89' lang='lat' dir='ltr'><strong>miuus</strong></span> <span class='ocrx_word' id='word_1_45' title='bbox 1121 967 1221 1032; x_wconf 87' lang='lat' dir='ltr'><strong>etism</strong></span> 
     </span>
     <span class='ocr_line' id='line_1_7' title="bbox 87 1071 1221 1160; baseline 0.001 -24"><span class='ocrx_word' id='word_1_46' title='bbox 87 1077 261 1140; x_wconf 84' lang='lat' dir='ltr'><strong>constanter</strong></span> <span class='ocrx_word' id='word_1_47' title='bbox 283 1075 317 1138; x_wconf 91' lang='lat' dir='ltr'><strong>iu</strong></span> <span class='ocrx_word' id='word_1_48' title='bbox 340 1075 438 1142; x_wconf 88' lang='lat' dir='ltr'><strong>tertio</strong></span> <span class='ocrx_word' id='word_1_49' title='bbox 462 1080 495 1140; x_wconf 94' lang='lat' dir='ltr'><strong>et</strong></span> <span class='ocrx_word' id='word_1_50' title='bbox 518 1075 621 1142; x_wconf 84' lang='lat' dir='ltr'><strong>altero</strong></span> <span class='ocrx_word' id='word_1_51' title='bbox 646 1098 742 1160; x_wconf 90' lang='lat' dir='ltr'><strong>quam</strong></span> <span class='ocrx_word' id='word_1_52' title='bbox 761 1077 797 1142; x_wconf 92' lang='lat' dir='ltr'><strong>iu</strong></span> <span class='ocrx_word' id='word_1_53' title='bbox 819 1075 925 1160; x_wconf 87' lang='lat' dir='ltr'><strong>primo</strong></span> <span class='ocrx_word' id='word_1_54' title='bbox 948 1075 1104 1159; x_wconf 88' lang='lat' dir='ltr'><strong>exemplo.</strong></span> <span class='ocrx_word' id='word_1_55' title='bbox 1136 1071 1221 1140; x_wconf 89' lang='lat' dir='ltr'><strong>Nam</strong></span> 
     </span>
     <span class='ocr_line' id='line_1_8' title="bbox 88 1179 1220 1268; baseline 0.004 -26"><span class='ocrx_word' id='word_1_56' title='bbox 88 1201 149 1243; x_wconf 89' lang='lat' dir='ltr'><strong>cnm</strong></span> <span class='ocrx_word' id='word_1_57' title='bbox 175 1180 209 1244; x_wconf 84' lang='lat' dir='ltr'><strong>in</strong></span> <span class='ocrx_word' id='word_1_58' title='bbox 237 1179 342 1266; x_wconf 89' lang='lat' dir='ltr'><strong>primo</strong></span> <span class='ocrx_word' id='word_1_59' title='bbox 370 1203 435 1248; x_wconf 92' lang='lat' dir='ltr'><strong>nou</strong></span> <span class='ocrx_word' id='word_1_60' title='bbox 462 1181 631 1266; x_wconf 88' lang='lat' dir='ltr'><strong>pauciores</strong></span> <span class='ocrx_word' id='word_1_61' title='bbox 660 1204 756 1268; x_wconf 88' lang='lat' dir='ltr'><strong>qnam</strong></span> <span class='ocrx_word' id='word_1_62' title='bbox 786 1199 860 1266; x_wconf 80' lang='lat' dir='ltr'><strong>xvr,</strong></span> <span class='ocrx_word' id='word_1_63' title='bbox 892 1203 950 1246; x_wconf 86' lang='lat' dir='ltr'><strong>nec</strong></span> <span class='ocrx_word' id='word_1_64' title='bbox 982 1182 1091 1266; x_wconf 86' lang='lat' dir='ltr'><strong>plures</strong></span> <span class='ocrx_word' id='word_1_65' title='bbox 1124 1203 1220 1266; x_wconf 87' lang='lat' dir='ltr'><strong>quam</strong></span> 
     </span>
     <span class='ocr_line' id='line_1_9' title="bbox 87 1287 1221 1372; baseline 0.004 -22"><span class='ocrx_word' id='word_1_66' title='bbox 87 1305 139 1350; x_wconf 78' lang='lat' dir='ltr'><strong>nur</strong></span> <span class='ocrx_word' id='word_1_67' title='bbox 164 1287 293 1352; x_wconf 80' lang='lat' dir='ltr'><strong>litteras</strong></span> <span class='ocrx_word' id='word_1_68' title='bbox 324 1309 541 1354; x_wconf 87' lang='lat' dir='ltr'><strong>numeremus:</strong></span> <span class='ocrx_word' id='word_1_69' title='bbox 575 1289 608 1354; x_wconf 93' lang='lat' dir='ltr'><strong>in</strong></span> <span class='ocrx_word' id='word_1_70' title='bbox 636 1289 742 1354; x_wconf 84' lang='lat' dir='ltr'><strong>altero</strong></span> <span class='ocrx_word' id='word_1_71' title='bbox 770 1289 854 1354; x_wconf 88' lang='lat' dir='ltr'><strong>inter</strong></span> <span class='ocrx_word' id='word_1_72' title='bbox 881 1305 940 1354; x_wconf 79' lang='lat' dir='ltr'><strong>xt&#39;r</strong></span> <span class='ocrx_word' id='word_1_73' title='bbox 969 1287 1221 1372; x_wconf 81' lang='lat' dir='ltr'><strong>etxx(v.15.</strong></span> 
     </span>
     <span class='ocr_line' id='line_1_10' title="bbox 89 1391 1221 1482; baseline 0.004 -26"><span class='ocrx_word' id='word_1_74' title='bbox 89 1393 130 1456; x_wconf 82' lang='lat'><strong>16.</strong></span> <span class='ocrx_word' id='word_1_75' title='bbox 154 1391 207 1478; x_wconf 81' lang='lat'><strong>18)</strong></span> <span class='ocrx_word' id='word_1_76' title='bbox 230 1393 368 1458; x_wconf 88' lang='lat' dir='ltr'><strong>fluctuat</strong></span> <span class='ocrx_word' id='word_1_77' title='bbox 390 1415 556 1478; x_wconf 86' lang='lat' dir='ltr'><strong>uumerus,</strong></span> <span class='ocrx_word' id='word_1_78' title='bbox 589 1395 623 1459; x_wconf 92' lang='lat' dir='ltr'><strong>in</strong></span> <span class='ocrx_word' id='word_1_79' title='bbox 646 1395 744 1460; x_wconf 88' lang='lat' dir='ltr'><strong>tertio</strong></span> <span class='ocrx_word' id='word_1_80' title='bbox 776 1393 816 1460; x_wconf 88' lang='lat' dir='ltr'><strong>ad</strong></span> <span class='ocrx_word' id='word_1_81' title='bbox 840 1413 900 1461; x_wconf 82' lang='lat' dir='ltr'><strong>xxl</strong></span> <span class='ocrx_word' id='word_1_82' title='bbox 924 1393 1140 1480; x_wconf 83' lang='lat' dir='ltr'><strong>adeo(r.15.</strong></span> <span class='ocrx_word' id='word_1_83' title='bbox 1167 1395 1221 1482; x_wconf 90' lang='grc'><strong>16)</strong></span> 
     </span>
     <span class='ocr_line' id='line_1_11' title="bbox 86 1501 290 1585; baseline 0.01 -21"><span class='ocrx_word' id='word_1_84' title='bbox 86 1501 290 1585; x_wconf 80' lang='lat' dir='ltr'><strong>progreditur.</strong></span> 
     </span>
    </p>

    <p class='ocr_par' dir='ltr' id='par_1_3' title="bbox 85 1606 1223 4576">
     <span class='ocr_line' id='line_1_12' title="bbox 164 1606 1220 1696; baseline 0.003 -25"><span class='ocrx_word' id='word_1_85' title='bbox 164 1606 254 1672; x_wconf 86' lang='lat' dir='ltr'><strong>Haec</strong></span> <span class='ocrx_word' id='word_1_86' title='bbox 277 1607 380 1694; x_wconf 81' lang='lat' dir='ltr'><strong>igitur</strong></span> <span class='ocrx_word' id='word_1_87' title='bbox 403 1630 475 1674; x_wconf 89' lang='lat' dir='ltr'><strong>curn</strong></span> <span class='ocrx_word' id='word_1_88' title='bbox 500 1610 547 1674; x_wconf 90' lang='lat' dir='ltr'><strong>ita</strong></span> <span class='ocrx_word' id='word_1_89' title='bbox 570 1631 604 1674; x_wconf 90' lang='lat' dir='ltr'><strong>se</strong></span> <span class='ocrx_word' id='word_1_90' title='bbox 623 1609 780 1694; x_wconf 86' lang='lat' dir='ltr'><strong>habeant,</strong></span> <span class='ocrx_word' id='word_1_91' title='bbox 803 1609 931 1696; x_wconf 88' lang='lat' dir='ltr'><strong>quando</strong></span> <span class='ocrx_word' id='word_1_92' title='bbox 950 1632 1009 1695; x_wconf 91' lang='lat' dir='ltr'><strong>pro</strong></span> <span class='ocrx_word' id='word_1_93' title='bbox 1028 1613 1116 1674; x_wconf 85' lang='lat' dir='ltr'><strong>certo</strong></span> <span class='ocrx_word' id='word_1_94' title='bbox 1139 1608 1220 1675; x_wconf 91' lang='lat' dir='ltr'><strong>nihil</strong></span> 
     </span>
     <span class='ocr_line' id='line_1_13' title="bbox 87 1713 1222 1802; baseline 0.005 -26"><span class='ocrx_word' id='word_1_95' title='bbox 87 1713 227 1798; x_wconf 82' lang='lat' dir='ltr'><strong>amplecti</strong></span> <span class='ocrx_word' id='word_1_96' title='bbox 262 1716 296 1780; x_wconf 92' lang='lat' dir='ltr'><strong>in</strong></span> <span class='ocrx_word' id='word_1_97' title='bbox 329 1715 431 1782; x_wconf 87' lang='lat' dir='ltr'><strong>tantis</strong></span> <span class='ocrx_word' id='word_1_98' title='bbox 463 1716 703 1783; x_wconf 83' lang='lat' dir='ltr'><strong>dubitationum</strong></span> <span class='ocrx_word' id='word_1_99' title='bbox 736 1717 887 1782; x_wconf 87' lang='lat' dir='ltr'><strong>fluctibus</strong></span> <span class='ocrx_word' id='word_1_100' title='bbox 919 1717 1009 1802; x_wconf 88' lang='lat' dir='ltr'><strong>licet,</strong></span> <span class='ocrx_word' id='word_1_101' title='bbox 1042 1718 1222 1784; x_wconf 89' lang='lat' dir='ltr'><strong>consultius</strong></span> 
     </span>
     <span class='ocr_line' id='line_1_14' title="bbox 86 1819 1222 1910; baseline 0.007 -28"><span class='ocrx_word' id='word_1_102' title='bbox 86 1819 257 1886; x_wconf 82' lang='lat' dir='ltr'><strong>ridebimur</strong></span> <span class='ocrx_word' id='word_1_103' title='bbox 290 1822 381 1888; x_wconf 87' lang='lat' dir='ltr'><strong>illinc</strong></span> <span class='ocrx_word' id='word_1_104' title='bbox 413 1823 588 1908; x_wconf 85' lang='lat' dir='ltr'><strong>proficisci,</strong></span> <span class='ocrx_word' id='word_1_105' title='bbox 623 1823 710 1908; x_wconf 92' lang='lat' dir='ltr'><strong>quud</strong></span> <span class='ocrx_word' id='word_1_106' title='bbox 741 1824 871 1910; x_wconf 81' lang='lat' dir='ltr'><strong>singula</strong></span> <span class='ocrx_word' id='word_1_107' title='bbox 906 1825 1132 1908; x_wconf 87' lang='lat' dir='ltr'><strong>supplementa</strong></span> <span class='ocrx_word' id='word_1_108' title='bbox 1163 1847 1222 1890; x_wconf 88' lang='lat' dir='ltr'><strong>sua</strong></span> 
     </span>
     <span class='ocr_line' id='line_1_15' title="bbox 87 1925 1222 2015; baseline 0.005 -25"><span class='ocrx_word' id='word_1_109' title='bbox 87 1925 311 1994; x_wconf 87' lang='lat' dir='ltr'><strong>llommssuius</strong></span> <span class='ocrx_word' id='word_1_110' title='bbox 339 1929 435 2015; x_wconf 89' lang='lat' dir='ltr'><strong>plane</strong></span> <span class='ocrx_word' id='word_1_111' title='bbox 461 1933 602 1996; x_wconf 84' lang='lat' dir='ltr'><strong>testatus</strong></span> <span class='ocrx_word' id='word_1_112' title='bbox 633 1933 684 1996; x_wconf 86' lang='lat' dir='ltr'><strong>est</strong></span> <span class='ocrx_word' id='word_1_113' title='bbox 713 1933 747 1996; x_wconf 89' lang='lat' dir='ltr'><strong>et</strong></span> <span class='ocrx_word' id='word_1_114' title='bbox 773 1931 947 1996; x_wconf 85' lang='lat' dir='ltr'><strong>identidem</strong></span> <span class='ocrx_word' id='word_1_115' title='bbox 980 1931 1157 1998; x_wconf 81' lang='lat' dir='ltr'><strong>affirmauit</strong></span> <span class='ocrx_word' id='word_1_116' title='bbox 1188 1931 1222 1996; x_wconf 93' lang='lat' dir='ltr'><strong>in</strong></span> 
     </span>
     <span class='ocr_line' id='line_1_16' title="bbox 85 2033 1221 2132; baseline 0.004 -33"><span class='ocrx_word' id='word_1_117' title='bbox 85 2033 263 2100; x_wconf 85' lang='lat' dir='ltr'><strong>lacunarum</strong></span> <span class='ocrx_word' id='word_1_118' title='bbox 292 2037 400 2122; x_wconf 90' lang='lat' dir='ltr'><strong>spatia</strong></span> <span class='ocrx_word' id='word_1_119' title='bbox 427 2037 579 2122; x_wconf 82' lang='lat' dir='ltr'><strong>religiose</strong></span> <span class='ocrx_word' id='word_1_120' title='bbox 609 2038 851 2104; x_wconf 87' lang='lat' dir='ltr'><strong>accommodata</strong></span> <span class='ocrx_word' id='word_1_121' title='bbox 872 2059 953 2132; x_wconf 78' lang='lat' dir='ltr'><strong>esse.</strong></span> <span class='ocrx_word' id='word_1_122' title='bbox 999 2038 1070 2116; x_wconf 85' lang='lat' dir='ltr'><strong>Quo</strong></span> <span class='ocrx_word' id='word_1_123' title='bbox 1093 2039 1221 2124; x_wconf 89' lang='lat' dir='ltr'><strong>quidem</strong></span> 
     </span>
     <span class='ocr_line' id='line_1_17' title="bbox 86 2142 1222 2228; baseline 0.004 -23"><span class='ocrx_word' id='word_1_124' title='bbox 86 2142 126 2206; x_wconf 86' lang='lat' dir='ltr'><strong>ita</strong></span> <span class='ocrx_word' id='word_1_125' title='bbox 147 2145 283 2228; x_wconf 87' lang='lat' dir='ltr'><strong>utemur,</strong></span> <span class='ocrx_word' id='word_1_126' title='bbox 305 2147 342 2210; x_wconf 91' lang='lat' dir='ltr'><strong>ut</strong></span> <span class='ocrx_word' id='word_1_127' title='bbox 364 2145 459 2210; x_wconf 90' lang='lat' dir='ltr'><strong>unius</strong></span> <span class='ocrx_word' id='word_1_128' title='bbox 482 2144 649 2210; x_wconf 89' lang='lat' dir='ltr'><strong>litterulae</strong></span> <span class='ocrx_word' id='word_1_129' title='bbox 672 2144 843 2210; x_wconf 81' lang='lat' dir='ltr'><strong>discrimen</strong></span> <span class='ocrx_word' id='word_1_130' title='bbox 866 2166 932 2210; x_wconf 92' lang='lat' dir='ltr'><strong>uon</strong></span> <span class='ocrx_word' id='word_1_131' title='bbox 959 2145 1057 2210; x_wconf 87' lang='lat' dir='ltr'><strong>nimis</strong></span> <span class='ocrx_word' id='word_1_132' title='bbox 1085 2143 1222 2210; x_wconf 85' lang='lat' dir='ltr'><strong>sollicite</strong></span> 
     </span>
     <span class='ocr_line' id='line_1_18' title="bbox 86 2249 1221 2336; baseline 0.002 -24"><span class='ocrx_word' id='word_1_133' title='bbox 86 2269 236 2334; x_wconf 87' lang='lat' dir='ltr'><strong>curemus,</strong></span> <span class='ocrx_word' id='word_1_134' title='bbox 258 2250 450 2334; x_wconf 86' lang='lat' dir='ltr'><strong>praesertim</strong></span> <span class='ocrx_word' id='word_1_135' title='bbox 473 2271 546 2316; x_wconf 89' lang='lat' dir='ltr'><strong>cum</strong></span> <span class='ocrx_word' id='word_1_136' title='bbox 570 2249 693 2336; x_wconf 84' lang='lat' dir='ltr'><strong>aliquid</strong></span> <span class='ocrx_word' id='word_1_137' title='bbox 716 2251 815 2316; x_wconf 87' lang='lat' dir='ltr'><strong>etiam</strong></span> <span class='ocrx_word' id='word_1_138' title='bbox 839 2249 1019 2316; x_wconf 75' lang='lat' dir='ltr'><strong>diversitati</strong></span> <span class='ocrx_word' id='word_1_139' title='bbox 1039 2249 1221 2314; x_wconf 89' lang='lat' dir='ltr'><strong>litterarum</strong></span> 
     </span>
     <span class='ocr_line' id='line_1_19' title="bbox 87 2353 1221 2442; baseline 0.003 -23"><span class='ocrx_word' id='word_1_140' title='bbox 87 2353 218 2421; x_wconf 90' lang='lat' dir='ltr'><strong>dandum</strong></span> <span class='ocrx_word' id='word_1_141' title='bbox 250 2379 320 2422; x_wconf 88' lang='lat' dir='ltr'><strong>csse</strong></span> <span class='ocrx_word' id='word_1_142' title='bbox 352 2379 503 2423; x_wconf 75' lang='lat' dir='ltr'><strong>ramnum</strong></span> <span class='ocrx_word' id='word_1_143' title='bbox 531 2357 552 2424; x_wconf 86' lang='lat'>5</span> <span class='ocrx_word' id='word_1_144' title='bbox 580 2359 655 2423; x_wconf 87' lang='lat' dir='ltr'><strong>et6</strong></span> <span class='ocrx_word' id='word_1_145' title='bbox 684 2357 867 2442; x_wconf 83' lang='lat' dir='ltr'><strong>exemplum</strong></span> <span class='ocrx_word' id='word_1_146' title='bbox 899 2357 1015 2422; x_wconf 90' lang='lat' dir='ltr'><strong>doceat</strong></span> <span class='ocrx_word' id='word_1_147' title='bbox 1044 2355 1084 2420; x_wconf 89' lang='lat' dir='ltr'><strong>ad</strong></span> <span class='ocrx_word' id='word_1_148' title='bbox 1116 2357 1221 2442; x_wconf 88' lang='lat' dir='ltr'><strong>ipsam</strong></span> 
     </span>
     <span class='ocr_line' id='line_1_20' title="bbox 86 2461 1221 2551; baseline 0.004 -27"><span class='ocrx_word' id='word_1_149' title='bbox 86 2461 192 2547; x_wconf 88' lang='lat' dir='ltr'><strong>lapidis</strong></span> <span class='ocrx_word' id='word_1_150' title='bbox 216 2463 461 2530; x_wconf 88' lang='lat' dir='ltr'><strong>similitudinem</strong></span> <span class='ocrx_word' id='word_1_151' title='bbox 485 2487 679 2550; x_wconf 86' lang='lat' dir='ltr'><strong>expressum.</strong></span> <span class='ocrx_word' id='word_1_152' title='bbox 720 2465 833 2551; x_wconf 84' lang='lat' dir='ltr'><strong>Itaque</strong></span> <span class='ocrx_word' id='word_1_153' title='bbox 857 2486 929 2530; x_wconf 88' lang='lat' dir='ltr'><strong>curn</strong></span> <span class='ocrx_word' id='word_1_154' title='bbox 952 2487 981 2530; x_wconf 85' lang='lat' dir='ltr'><strong>v.</strong></span> <span class='ocrx_word' id='word_1_155' title='bbox 1003 2465 1044 2530; x_wconf 89' lang='lat'><strong>10</strong></span> <span class='ocrx_word' id='word_1_156' title='bbox 1066 2468 1099 2529; x_wconf 91' lang='lat' dir='ltr'><strong>et</strong></span> <span class='ocrx_word' id='word_1_157' title='bbox 1125 2467 1161 2528; x_wconf 96' lang='lat' dir='ltr'><strong>ll</strong></span> <span class='ocrx_word' id='word_1_158' title='bbox 1186 2465 1221 2530; x_wconf 90' lang='lat' dir='ltr'><strong>iu</strong></span> 
     </span>
     <span class='ocr_line' id='line_1_21' title="bbox 87 2553 1223 2656; baseline 0.001 -21"><span class='ocrx_word' id='word_1_159' title='bbox 87 2568 212 2636; x_wconf 78' lang='lat' dir='ltr'><strong>Guarim</strong></span> <span class='ocrx_word' id='word_1_160' title='bbox 248 2575 285 2636; x_wconf 89' lang='lat' dir='ltr'><strong>ut</strong></span> <span class='ocrx_word' id='word_1_161' title='bbox 320 2571 449 2636; x_wconf 81' lang='lat' dir='ltr'><strong>ridetur</strong></span> <span class='ocrx_word' id='word_1_162' title='bbox 484 2553 718 2656; x_wconf 86' lang='lat' dir='ltr'><strong>supplementis</strong></span> <span class='ocrx_word' id='word_1_163' title='bbox 756 2571 988 2638; x_wconf 87' lang='lat' dir='ltr'><strong>Mommsenius</strong></span> <span class='ocrx_word' id='word_1_164' title='bbox 1025 2571 1223 2655; x_wconf 79' lang='lat' dir='ltr'><strong>acquieverit</strong></span> 
     </span>
     <span class='ocr_line' id='line_1_22' title="bbox 87 2674 1222 2762; baseline 0.002 -22"><span class='ocrx_word' id='word_1_165' title='bbox 87 2674 199 2760; x_wconf 87' lang='lat' dir='ltr'><strong>(ipsum</strong></span> <span class='ocrx_word' id='word_1_166' title='bbox 227 2677 313 2744; x_wconf 85' lang='lat' dir='ltr'><strong>enirn</strong></span> <span class='ocrx_word' id='word_1_167' title='bbox 341 2675 476 2744; x_wconf 89' lang='lat' dir='ltr'><strong>Guarini</strong></span> <span class='ocrx_word' id='word_1_168' title='bbox 503 2677 621 2743; x_wconf 88' lang='lat' dir='ltr'><strong>librum</strong></span> <span class='ocrx_word' id='word_1_169' title='bbox 649 2679 794 2744; x_wconf 86' lang='lat' dir='ltr'><strong>dolemus</strong></span> <span class='ocrx_word' id='word_1_170' title='bbox 826 2677 878 2742; x_wconf 90' lang='lat' dir='ltr'><strong>his</strong></span> <span class='ocrx_word' id='word_1_171' title='bbox 907 2677 942 2742; x_wconf 91' lang='lat' dir='ltr'><strong>in</strong></span> <span class='ocrx_word' id='word_1_172' title='bbox 968 2677 1064 2742; x_wconf 83' lang='lat' dir='ltr'><strong>terris</strong></span> <span class='ocrx_word' id='word_1_173' title='bbox 1091 2681 1222 2762; x_wconf 90' lang='lat' dir='ltr'><strong>praesto</strong></span> 
     </span>
     <span class='ocr_line' id='line_1_23' title="bbox 87 2783 1222 2870; baseline 0.001 -23"><span class='ocrx_word' id='word_1_174' title='bbox 87 2805 144 2848; x_wconf 93' lang='lat' dir='ltr'><strong>non</strong></span> <span class='ocrx_word' id='word_1_175' title='bbox 159 2783 253 2868; x_wconf 88' lang='lat' dir='ltr'><strong>esse),</strong></span> <span class='ocrx_word' id='word_1_176' title='bbox 266 2786 387 2850; x_wconf 89' lang='lat' dir='ltr'><strong>rectius</strong></span> <span class='ocrx_word' id='word_1_177' title='bbox 405 2791 515 2850; x_wconf 86' lang='lat' dir='ltr'><strong>tamen</strong></span> <span class='ocrx_word' id='word_1_178' title='bbox 533 2807 649 2869; x_wconf 85' lang='lat' dir='ltr'><strong>parum</strong></span> <span class='ocrx_word' id='word_1_179' title='bbox 668 2785 799 2870; x_wconf 84' lang='lat' dir='ltr'><strong>placens</strong></span> <span class='ocrx_word' id='word_1_180' title='bbox 819 2783 1015 2850; x_wconf 77' lang='lat' dir='ltr'><strong>constructio</strong></span> <span class='ocrx_word' id='word_1_181' title='bbox 1034 2783 1092 2848; x_wconf 90' lang='lat' dir='ltr'><strong>illa</strong></span> <span class='ocrx_word' id='word_1_182' title='bbox 1105 2787 1222 2848; x_wconf 78' lang='lat' dir='ltr'><strong>utram·</strong></span> 
     </span>
     <span class='ocr_line' id='line_1_24' title="bbox 87 2889 1222 2978; baseline -0.002 -22"><span class='ocrx_word' id='word_1_183' title='bbox 87 2911 137 2970; x_wconf 76' lang='lat' dir='ltr'><strong>perc</strong></span> <span class='ocrx_word' id='word_1_184' title='bbox 151 2897 187 2956; x_wconf 87' lang='lat' dir='ltr'><strong>ut</strong></span> <span class='ocrx_word' id='word_1_185' title='bbox 198 2897 272 2958; x_wconf 71' lang='lat' dir='ltr'><strong>aaa</strong></span> <span class='ocrx_word' id='word_1_186' title='bbox 289 2893 424 2958; x_wconf 77' lang='lat' dir='ltr'><strong>localium</strong></span> <span class='ocrx_word' id='word_1_187' title='bbox 437 2891 521 2958; x_wconf 91' lang='lat' dir='ltr'><strong>ltslu</strong></span> <span class='ocrx_word' id='word_1_188' title='bbox 542 2891 653 2958; x_wconf 85' lang='lat' dir='ltr'><strong>critico</strong></span> <span class='ocrx_word' id='word_1_189' title='bbox 673 2891 882 2978; x_wconf 90' lang='lat' dir='ltr'><strong>relinquenda</strong></span> <span class='ocrx_word' id='word_1_190' title='bbox 900 2895 978 2956; x_wconf 83' lang='lat' dir='ltr'><strong>erat</strong></span> <span class='ocrx_word' id='word_1_191' title='bbox 1005 2889 1118 2975; x_wconf 87' lang='lat' dir='ltr'><strong>Neque</strong></span> <span class='ocrx_word' id='word_1_192' title='bbox 1137 2890 1222 2955; x_wconf 90' lang='lat' dir='ltr'><strong>enim</strong></span> 
     </span>
     <span class='ocr_line' id='line_1_25' title="bbox 89 2993 1222 3085; baseline 0.004 -27"><span class='ocrx_word' id='word_1_193' title='bbox 89 2993 291 3063; x_wconf 90' lang='lat' dir='ltr'><strong>dubitandum</strong></span> <span class='ocrx_word' id='word_1_194' title='bbox 314 2999 391 3085; x_wconf 89' lang='lat' dir='ltr'><strong>quin</strong></span> <span class='ocrx_word' id='word_1_195' title='bbox 412 2999 569 3084; x_wconf 85' lang='lat' dir='ltr'><strong>scriptum</strong></span> <span class='ocrx_word' id='word_1_196' title='bbox 587 2999 687 3066; x_wconf 83' lang='lat' dir='ltr'><strong>suerit</strong></span> <span class='ocrx_word' id='word_1_197' title='bbox 710 3015 839 3064; x_wconf 79' lang='lat' dir='ltr'><strong>usuum</strong></span> <span class='ocrx_word' id='word_1_198' title='bbox 853 3033 860 3048; x_wconf 94' lang='lat'>·</span> <span class='ocrx_word' id='word_1_199' title='bbox 876 3019 938 3062; x_wconf 81' lang='lat' dir='ltr'><strong>nr·</strong></span> <span class='ocrx_word' id='word_1_200' title='bbox 956 3015 1058 3064; x_wconf 80' lang='lat' dir='ltr'><strong>urrrs</strong></span> <span class='ocrx_word' id='word_1_201' title='bbox 1073 3031 1080 3048; x_wconf 94' lang='lat'><strong>·</strong></span> <span class='ocrx_word' id='word_1_202' title='bbox 1095 3015 1222 3063; x_wconf 78' lang='lat' dir='ltr'><strong>uonvtl</strong></span> 
     </span>
     <span class='ocr_line' id='line_1_26' title="bbox 90 3101 1222 3188; baseline -0.003 -19"><span class='ocrx_word' id='word_1_203' title='bbox 90 3137 124 3146; x_wconf 84' lang='lat'><em>-</em></span> <span class='ocrx_word' id='word_1_204' title='bbox 142 3101 330 3188; x_wconf 78' lang='lat' dir='ltr'><strong>impeditior</strong></span> <span class='ocrx_word' id='word_1_205' title='bbox 353 3105 391 3170; x_wconf 91' lang='lat' dir='ltr'><strong>de</strong></span> <span class='ocrx_word' id='word_1_206' title='bbox 414 3127 443 3170; x_wconf 85' lang='lat' dir='ltr'><strong>v.</strong></span> <span class='ocrx_word' id='word_1_207' title='bbox 465 3105 506 3170; x_wconf 83' lang='lat'><strong>12</strong></span> <span class='ocrx_word' id='word_1_208' title='bbox 530 3110 563 3171; x_wconf 90' lang='lat' dir='ltr'><strong>et</strong></span> <span class='ocrx_word' id='word_1_209' title='bbox 588 3105 628 3170; x_wconf 87' lang='grc'><strong>13</strong></span> <span class='ocrx_word' id='word_1_210' title='bbox 652 3104 830 3188; x_wconf 89' lang='lat' dir='ltr'><strong>disputatio</strong></span> <span class='ocrx_word' id='word_1_211' title='bbox 858 3107 909 3168; x_wconf 91' lang='lat' dir='ltr'><strong>est</strong></span> <span class='ocrx_word' id='word_1_212' title='bbox 931 3105 965 3168; x_wconf 87' lang='lat' dir='ltr'><strong>et</strong></span> <span class='ocrx_word' id='word_1_213' title='bbox 987 3101 1080 3168; x_wconf 85' lang='lat' dir='ltr'><strong>valde</strong></span> <span class='ocrx_word' id='word_1_214' title='bbox 1104 3123 1222 3186; x_wconf 87' lang='lat' dir='ltr'><strong>anceps</strong></span> 
     </span>
     <span class='ocr_line' id='line_1_27' title="bbox 90 3207 1223 3296; baseline 0.004 -25"><span class='ocrx_word' id='word_1_215' title='bbox 90 3207 245 3296; x_wconf 87' lang='lat' dir='ltr'><strong>iudicium,</strong></span> <span class='ocrx_word' id='word_1_216' title='bbox 268 3233 342 3278; x_wconf 88' lang='lat' dir='ltr'><strong>cum</strong></span> <span class='ocrx_word' id='word_1_217' title='bbox 364 3211 450 3296; x_wconf 91' lang='lat' dir='ltr'><strong>quod</strong></span> <span class='ocrx_word' id='word_1_218' title='bbox 473 3233 539 3278; x_wconf 89' lang='lat' dir='ltr'><strong>non</strong></span> <span class='ocrx_word' id='word_1_219' title='bbox 561 3211 657 3277; x_wconf 88' lang='lat' dir='ltr'><strong>unius</strong></span> <span class='ocrx_word' id='word_1_220' title='bbox 678 3211 856 3278; x_wconf 88' lang='lat' dir='ltr'><strong>sententiae</strong></span> <span class='ocrx_word' id='word_1_221' title='bbox 874 3209 1049 3276; x_wconf 84' lang='lat' dir='ltr'><strong>necessitas</strong></span> <span class='ocrx_word' id='word_1_222' title='bbox 1068 3209 1145 3276; x_wconf 87' lang='lat' dir='ltr'><strong>data</strong></span> <span class='ocrx_word' id='word_1_223' title='bbox 1164 3214 1223 3294; x_wconf 87' lang='lat' dir='ltr'><strong>est,</strong></span> 
     </span>
     <span class='ocr_line' id='line_1_28' title="bbox 91 3315 1221 3404; baseline 0.004 -26"><span class='ocrx_word' id='word_1_224' title='bbox 91 3315 138 3378; x_wconf 86' lang='lat' dir='ltr'><strong>aed</strong></span> <span class='ocrx_word' id='word_1_225' title='bbox 163 3317 377 3402; x_wconf 87' lang='lat' dir='ltr'><strong>complurium</strong></span> <span class='ocrx_word' id='word_1_226' title='bbox 406 3318 499 3404; x_wconf 87' lang='lat' dir='ltr'><strong>copie</strong></span> <span class='ocrx_word' id='word_1_227' title='bbox 526 3319 612 3384; x_wconf 84' lang='lat' dir='ltr'><strong>facts</strong></span> <span class='ocrx_word' id='word_1_228' title='bbox 639 3339 812 3402; x_wconf 90' lang='lat' dir='ltr'><strong>earumque</strong></span> <span class='ocrx_word' id='word_1_229' title='bbox 841 3318 963 3382; x_wconf 82' lang='lat' dir='ltr'><strong>uariam</strong></span> <span class='ocrx_word' id='word_1_230' title='bbox 992 3315 1221 3383; x_wconf 75' lang='lat' dir='ltr'><strong>conformatio</strong></span> 
     </span>
     <span class='ocr_line' id='line_1_29' title="bbox 91 3423 1221 3511; baseline 0.004 -27"><span class='ocrx_word' id='word_1_231' title='bbox 91 3441 156 3488; x_wconf 89' lang='lat' dir='ltr'><strong>nem</strong></span> <span class='ocrx_word' id='word_1_232' title='bbox 171 3423 424 3511; x_wconf 83' lang='lat' dir='ltr'><strong>admittentium,</strong></span> <span class='ocrx_word' id='word_1_233' title='bbox 445 3429 515 3490; x_wconf 90' lang='lat' dir='ltr'><strong>tum</strong></span> <span class='ocrx_word' id='word_1_234' title='bbox 534 3425 620 3511; x_wconf 90' lang='lat' dir='ltr'><strong>quod</strong></span> <span class='ocrx_word' id='word_1_235' title='bbox 643 3447 700 3490; x_wconf 86' lang='lat' dir='ltr'><strong>uec</strong></span> <span class='ocrx_word' id='word_1_236' title='bbox 720 3425 815 3510; x_wconf 89' lang='lat' dir='ltr'><strong>plena</strong></span> <span class='ocrx_word' id='word_1_237' title='bbox 834 3425 914 3490; x_wconf 86' lang='lat' dir='ltr'><strong>estis</strong></span> <span class='ocrx_word' id='word_1_238' title='bbox 933 3445 991 3490; x_wconf 92' lang='lat' dir='ltr'><strong>nec</strong></span> <span class='ocrx_word' id='word_1_239' title='bbox 1010 3425 1165 3490; x_wconf 87' lang='lat' dir='ltr'><strong>distincta</strong></span> <span class='ocrx_word' id='word_1_240' title='bbox 1182 3424 1221 3489; x_wconf 89' lang='lat' dir='ltr'><strong>de</strong></span> 
     </span>
     <span class='ocr_line' id='line_1_30' title="bbox 93 3525 1221 3616; baseline 0.004 -23"><span class='ocrx_word' id='word_1_241' title='bbox 93 3525 155 3609; x_wconf 87' lang='lat' dir='ltr'><strong>ipsa</strong></span> <span class='ocrx_word' id='word_1_242' title='bbox 176 3529 291 3616; x_wconf 87' lang='lat' dir='ltr'><strong>lapidis</strong></span> <span class='ocrx_word' id='word_1_243' title='bbox 315 3531 503 3599; x_wconf 87' lang='lat' dir='ltr'><strong>condicione</strong></span> <span class='ocrx_word' id='word_1_244' title='bbox 530 3531 625 3596; x_wconf 89' lang='lat' dir='ltr'><strong>nobis</strong></span> <span class='ocrx_word' id='word_1_245' title='bbox 648 3531 836 3598; x_wconf 88' lang='lat' dir='ltr'><strong>testimonia</strong></span> <span class='ocrx_word' id='word_1_246' title='bbox 858 3531 986 3598; x_wconf 86' lang='lat' dir='ltr'><strong>adsunt.</strong></span> <span class='ocrx_word' id='word_1_247' title='bbox 1023 3529 1086 3596; x_wconf 90' lang='lat' dir='ltr'><strong>Vix</strong></span> <span class='ocrx_word' id='word_1_248' title='bbox 1114 3535 1221 3598; x_wconf 86' lang='lat' dir='ltr'><strong>autem</strong></span> 
     </span>
     <span class='ocr_line' id='line_1_31' title="bbox 93 3634 1222 3726; baseline 0.007 -30"><span class='ocrx_word' id='word_1_249' title='bbox 93 3634 229 3716; x_wconf 88' lang='lat' dir='ltr'><strong>opinione</strong></span> <span class='ocrx_word' id='word_1_250' title='bbox 247 3643 444 3726; x_wconf 78' lang='lat' dir='ltr'><strong>auguratum</strong></span> <span class='ocrx_word' id='word_1_251' title='bbox 463 3659 534 3704; x_wconf 88' lang='lat' dir='ltr'><strong>esse</strong></span> <span class='ocrx_word' id='word_1_252' title='bbox 548 3635 797 3704; x_wconf 86' lang='lat' dir='ltr'><strong>Mommseniusu</strong></span> <span class='ocrx_word' id='word_1_253' title='bbox 812 3640 974 3723; x_wconf 86' lang='lat' dir='ltr'><strong>putamus,</strong></span> <span class='ocrx_word' id='word_1_254' title='bbox 996 3638 1108 3721; x_wconf 88' lang='lat' dir='ltr'><strong>quanti</strong></span> <span class='ocrx_word' id='word_1_255' title='bbox 1127 3637 1222 3704; x_wconf 88' lang='lat' dir='ltr'><strong>uobis</strong></span> 
     </span>
     <span class='ocr_line' id='line_1_32' title="bbox 94 3743 1223 3826; baseline 0 -18"><span class='ocrx_word' id='word_1_256' title='bbox 94 3743 255 3822; x_wconf 79' lang='lat' dir='ltr'><strong>quantillus</strong></span> <span class='ocrx_word' id='word_1_257' title='bbox 287 3745 334 3811; x_wconf 87' lang='lat' dir='ltr'><strong>rei</strong></span> <span class='ocrx_word' id='word_1_258' title='bbox 366 3745 484 3812; x_wconf 85' lang='lat' dir='ltr'><strong>certior</strong></span> <span class='ocrx_word' id='word_1_259' title='bbox 516 3745 661 3810; x_wconf 88' lang='lat' dir='ltr'><strong>definitio</strong></span> <span class='ocrx_word' id='word_1_260' title='bbox 694 3744 803 3810; x_wconf 83' lang='lat' dir='ltr'><strong>lutura</strong></span> <span class='ocrx_word' id='word_1_261' title='bbox 834 3745 928 3808; x_wconf 88' lang='lat' dir='ltr'><strong>esset.</strong></span> <span class='ocrx_word' id='word_1_262' title='bbox 975 3743 1047 3808; x_wconf 87' lang='lat' dir='ltr'><strong>Hoc</strong></span> <span class='ocrx_word' id='word_1_263' title='bbox 1078 3743 1223 3826; x_wconf 89' lang='lat' dir='ltr'><strong>dicimus,</strong></span> 
     </span>
     <span class='ocr_line' id='line_1_33' title="bbox 95 3849 1222 3936; baseline 0.003 -24"><span class='ocrx_word' id='word_1_264' title='bbox 95 3849 167 3928; x_wconf 86' lang='lat' dir='ltr'><strong>quud</strong></span> <span class='ocrx_word' id='word_1_265' title='bbox 193 3873 256 3918; x_wconf 92' lang='lat' dir='ltr'><strong>nou</strong></span> <span class='ocrx_word' id='word_1_266' title='bbox 283 3853 364 3918; x_wconf 87' lang='lat' dir='ltr'><strong>satis</strong></span> <span class='ocrx_word' id='word_1_267' title='bbox 392 3873 430 3918; x_wconf 89' lang='lat' dir='ltr'><strong>ex</strong></span> <span class='ocrx_word' id='word_1_268' title='bbox 457 3853 526 3918; x_wconf 86' lang='lat' dir='ltr'><strong>eius</strong></span> <span class='ocrx_word' id='word_1_269' title='bbox 555 3851 662 3916; x_wconf 84' lang='lat' dir='ltr'><strong>verbis</strong></span> <span class='ocrx_word' id='word_1_270' title='bbox 690 3853 893 3936; x_wconf 85' lang='lat' dir='ltr'><strong>perspicitur,</strong></span> <span class='ocrx_word' id='word_1_271' title='bbox 922 3853 1043 3934; x_wconf 87' lang='lat' dir='ltr'><strong>utrum,</strong></span> <span class='ocrx_word' id='word_1_272' title='bbox 1075 3871 1155 3934; x_wconf 87' lang='lat' dir='ltr'><strong>quas</strong></span> <span class='ocrx_word' id='word_1_273' title='bbox 1183 3849 1222 3916; x_wconf 88' lang='lat' dir='ltr'><strong>de</strong></span> 
     </span>
     <span class='ocr_line' id='line_1_34' title="bbox 96 3949 1221 4046; baseline 0.004 -28"><span class='ocrx_word' id='word_1_274' title='bbox 96 3949 259 4024; x_wconf 84' lang='lat' dir='ltr'><strong>litterarum</strong></span> <span class='ocrx_word' id='word_1_275' title='bbox 285 3959 434 4046; x_wconf 79' lang='lat' dir='ltr'><strong>vestigiis</strong></span> <span class='ocrx_word' id='word_1_276' title='bbox 462 3964 539 4044; x_wconf 88' lang='lat' dir='ltr'><strong>post</strong></span> <span class='ocrx_word' id='word_1_277' title='bbox 561 3977 629 4024; x_wconf 78' lang='lat' dir='ltr'><strong>svn</strong></span> <span class='ocrx_word' id='word_1_278' title='bbox 658 3959 692 4024; x_wconf 92' lang='lat' dir='ltr'><strong>in</strong></span> <span class='ocrx_word' id='word_1_279' title='bbox 720 3959 828 4044; x_wconf 88' lang='lat' dir='ltr'><strong>lapide</strong></span> <span class='ocrx_word' id='word_1_280' title='bbox 858 3955 978 4020; x_wconf 90' lang='lat' dir='ltr'><strong>relictis</strong></span> <span class='ocrx_word' id='word_1_281' title='bbox 1003 3955 1221 4022; x_wconf 86' lang='lat' dir='ltr'><strong>dubitationes</strong></span> 
     </span>
     <span class='ocr_line' id='line_1_35' title="bbox 97 4059 1222 4150; baseline 0 -21"><span class='ocrx_word' id='word_1_282' title='bbox 97 4059 284 4150; x_wconf 68' lang='lat' dir='ltr'><strong>similavit,</strong></span> <span class='ocrx_word' id='word_1_283' title='bbox 308 4067 407 4132; x_wconf 90' lang='lat' dir='ltr'><strong>etism</strong></span> <span class='ocrx_word' id='word_1_284' title='bbox 427 4065 467 4130; x_wconf 85' lang='lat' dir='ltr'><strong>ad</strong></span> <span class='ocrx_word' id='word_1_285' title='bbox 486 4067 516 4132; x_wconf 90' lang='grc' dir='ltr'><strong>Λ</strong></span> <span class='ocrx_word' id='word_1_286' title='bbox 535 4064 628 4150; x_wconf 90' lang='lat' dir='ltr'><strong>illud,</strong></span> <span class='ocrx_word' id='word_1_287' title='bbox 651 4087 693 4130; x_wconf 87' lang='lat' dir='ltr'><strong>an</strong></span> <span class='ocrx_word' id='word_1_288' title='bbox 712 4064 752 4128; x_wconf 87' lang='lat' dir='ltr'><strong>ad</strong></span> <span class='ocrx_word' id='word_1_289' title='bbox 771 4086 809 4128; x_wconf 87' lang='lat' dir='ltr'><strong>ea</strong></span> <span class='ocrx_word' id='word_1_290' title='bbox 828 4065 954 4128; x_wconf 89' lang='lat' dir='ltr'><strong>tantum</strong></span> <span class='ocrx_word' id='word_1_291' title='bbox 974 4065 1122 4146; x_wconf 85' lang='lat' dir='ltr'><strong>spectent</strong></span> <span class='ocrx_word' id='word_1_292' title='bbox 1140 4085 1222 4148; x_wconf 88' lang='lat' dir='ltr'><strong>quas</strong></span> 
     </span>
     <span class='ocr_line' id='line_1_36' title="bbox 97 4163 1221 4255; baseline 0.005 -27"><span class='ocrx_word' id='word_1_293' title='bbox 97 4163 171 4234; x_wconf 88' lang='lat' dir='ltr'><strong>hanc</strong></span> <span class='ocrx_word' id='word_1_294' title='bbox 191 4177 295 4238; x_wconf 91' lang='lat' dir='ltr'><strong>notam</strong></span> <span class='ocrx_word' id='word_1_295' title='bbox 320 4177 480 4238; x_wconf 88' lang='lat' dir='ltr'><strong>secuntur.</strong></span> <span class='ocrx_word' id='word_1_296' title='bbox 510 4172 582 4238; x_wconf 87' lang='lat' dir='ltr'><strong>Hoc</strong></span> <span class='ocrx_word' id='word_1_297' title='bbox 605 4173 633 4236; x_wconf 89' lang='lat' dir='ltr'><strong>si</strong></span> <span class='ocrx_word' id='word_1_298' title='bbox 653 4171 770 4248; x_wconf 84' lang='lat' dir='ltr'><strong>voluit,</strong></span> <span class='ocrx_word' id='word_1_299' title='bbox 794 4169 899 4234; x_wconf 85' lang='lat' dir='ltr'><strong>solum</strong></span> <span class='ocrx_word' id='word_1_300' title='bbox 918 4173 1049 4254; x_wconf 85' lang='lat' dir='ltr'><strong>praesto</strong></span> <span class='ocrx_word' id='word_1_301' title='bbox 1069 4169 1221 4255; x_wconf 83' lang='lat' dir='ltr'><strong>estquod</strong></span> 
     </span>
     <span class='ocr_line' id='line_1_37' title="bbox 99 4269 1221 4362; baseline 0.007 -28"><span class='ocrx_word' id='word_1_302' title='bbox 99 4269 152 4338; x_wconf 88' lang='lat' dir='ltr'><strong>huc</strong></span> <span class='ocrx_word' id='word_1_303' title='bbox 166 4277 290 4360; x_wconf 85' lang='lat' dir='ltr'><strong>quadret</strong></span> <span class='ocrx_word' id='word_1_304' title='bbox 309 4293 520 4361; x_wconf 56' lang='lat' dir='ltr'><strong>summas,</strong></span> <span class='ocrx_word' id='word_1_305' title='bbox 539 4277 647 4342; x_wconf 92' lang='lat' dir='ltr'><strong>Plauti</strong></span> <span class='ocrx_word' id='word_1_306' title='bbox 662 4275 791 4361; x_wconf 91' lang='lat' dir='ltr'><strong>quidem</strong></span> <span class='ocrx_word' id='word_1_307' title='bbox 811 4275 973 4342; x_wconf 78' lang='lat' dir='ltr'><strong>imitatem</strong></span> <span class='ocrx_word' id='word_1_308' title='bbox 993 4275 1221 4362; x_wconf 77' lang='lat' dir='ltr'><strong>dignissimum</strong></span> 
     </span>
     <span class='ocr_line' id='line_1_38' title="bbox 101 4375 1221 4468; baseline 0.008 -29"><span class='ocrx_word' id='word_1_309' title='bbox 101 4375 230 4466; x_wconf 88' lang='lat' dir='ltr'><strong>idemque</strong></span> <span class='ocrx_word' id='word_1_310' title='bbox 251 4383 292 4449; x_wconf 92' lang='lat' dir='ltr'><strong>ad</strong></span> <span class='ocrx_word' id='word_1_311' title='bbox 314 4405 423 4448; x_wconf 82' lang='lat' dir='ltr'><strong>reram</strong></span> <span class='ocrx_word' id='word_1_312' title='bbox 451 4385 485 4448; x_wconf 93' lang='lat' dir='ltr'><strong>iu</strong></span> <span class='ocrx_word' id='word_1_313' title='bbox 509 4383 661 4450; x_wconf 90' lang='lat' dir='ltr'><strong>Plautino</strong></span> <span class='ocrx_word' id='word_1_314' title='bbox 689 4381 745 4446; x_wconf 92' lang='lat' dir='ltr'><strong>illo</strong></span> <span class='ocrx_word' id='word_1_315' title='bbox 776 4381 861 4468; x_wconf 89' lang='lat' dir='ltr'><strong>apud</strong></span> <span class='ocrx_word' id='word_1_316' title='bbox 884 4383 1025 4449; x_wconf 88' lang='lat' dir='ltr'><strong>Gellium</strong></span> <span class='ocrx_word' id='word_1_317' title='bbox 1054 4382 1221 4468; x_wconf 89' lang='lat' dir='ltr'><strong>epitaphio</strong></span> 
     </span>
     <span class='ocr_line' id='line_1_39' title="bbox 103 4485 1221 4576; baseline 0.004 -27"><span class='ocrx_word' id='word_1_318' title='bbox 103 4485 274 4570; x_wconf 83' lang='lat' dir='ltr'><strong>scripturam</strong></span> <span class='ocrx_word' id='word_1_319' title='bbox 296 4489 464 4574; x_wconf 79' lang='lat' dir='ltr'><strong>Postquam</strong></span> <span class='ocrx_word' id='word_1_320' title='bbox 486 4496 529 4557; x_wconf 88' lang='lat' dir='ltr'><strong>cst</strong></span> <span class='ocrx_word' id='word_1_321' title='bbox 551 4495 677 4556; x_wconf 88' lang='lat' dir='ltr'><strong>mortem</strong></span> <span class='ocrx_word' id='word_1_322' title='bbox 699 4495 791 4574; x_wconf 74' lang='lat' dir='ltr'><strong>aprus</strong></span> <span class='ocrx_word' id='word_1_323' title='bbox 811 4491 945 4558; x_wconf 71' lang='lat' dir='ltr'><strong>Pueros</strong></span> <span class='ocrx_word' id='word_1_324' title='bbox 967 4494 1043 4576; x_wconf 88' lang='lat' dir='ltr'><strong>post</strong></span> <span class='ocrx_word' id='word_1_325' title='bbox 1065 4511 1116 4572; x_wconf 86' lang='lat' dir='ltr'><strong>es,</strong></span> <span class='ocrx_word' id='word_1_326' title='bbox 1140 4511 1221 4576; x_wconf 91' lang='lat' dir='ltr'><strong>quae</strong></span> 
     </span>
    </p>
   </div>
   <div class='ocr_carea' id='block_1_3' title="bbox 0 0 1565 5142">
    <p class='ocr_par' dir='ltr' id='par_1_4' title="bbox 0 0 1565 5142">
     <span class='ocr_line' id='line_1_40' title="bbox 0 0 1565 5142; baseline 0 0"><span class='ocrx_word' id='word_1_327' title='bbox 0 0 1565 5142; x_wconf 95' lang='lat' dir='ltr'><strong> </strong></span> 
     </span>
    </p>
   </div>
  </div>
 </body>
</html>
