3008 5118
262 377 311 424 un
334 377 512 426 snevncno
537 375 717 426 rvnronvn
743 377 963 426 rvsouusso.
1118 362 1183 426 263

52 521 190 605 Karios,
208 519 393 586 Laooeios
412 519 574 586 Laeuina
594 519 746 604 Lucios,
764 519 921 586 Leteios
939 518 1073 586 Letios
1096 521 1182 588 Let-

53 629 137 694 teioa
168 625 335 710 Lettios‚
371 609 573 694 Liuin'eios
606 625 798 712 Liuinios,
840 624 1001 692 Loreios
1034 625 1182 712 Lorios,

52 735 196 800 Luoeios
224 733 372 800 Luoeos
399 733 539 800 Lucios
569 731 762 799 Luooaeos
794 732 980 798 Lueoeios
1009 733 1182 820 Luooios‚

51 838 1182 926 ilaoeiosMaoioarMaeoios,MaereiosMaorios,Magneio
1244 893 1248 900 .

50 949 223 1034 tingnios,
250 946 416 1012 Maleios
445 947 586 1013 Malios
610 946 779 1032 Mallius,
808 945 1040 1022 Mammaeos
1068 947 1183 1014 Mam·

50 1055 143 1140 mins,
173 1051 351 1119 Mansios
374 1051 523 1119 Manios
546 1052 747 1119 Manneios
770 1053 962 1138 Munius,
989 1053 1182 1122 Metheios

49 1161 216 1245 muthius,
242 1159 431 1227 Metteios
453 1159 617 1227 Mattius
640 1159 800 1246 Matios,
825 1159 996 1226 Meneios
1019 1160 1182 1250 Menios,

48 1269 218 1336 Messeios
242 1267 423 1350 Messius,
454 1266 617 1334 Meteios
644 1265 783 1333 Metios
810 1267 985 1352 Mettios‚
1016 1267 1181 1334 Mineios

48 1377 185 1462 Minius,
198 1375 375 1442 Moneios
390 1374 556 1461 Menios,
575 1374 760 1440 Mumeios
779 1373 943 1440 Mumios
958 1373 1181 1442 Mummeios

48 1483 249 1566 Mummios,
272 1481 442 1548 Muteios
464 1481 651 1548 Mutteios
674 1479 832 1566 Matios,
862 1479 1058 1548 Nanneios
1081 1483 1235 1549 Nan-vn

48 1591 133 1677 nius,
162 1589 327 1656 Nereius
359 1587 516 1674 Nerine,
552 1587 734 1654 Numeios
766 1588 927 1654 Numios
960 1589 1180 1656 Nummeios

48 1697 242 1782 Nummios,
256 1695 487 1761 Numereios
506 1695 723 1780 Numerios,
742 1695 901 1762 Oooeios
921 1695 1070 1780 Oenius,
1085 1696 1181 1782 Ope·

48 1804 153 1870 treios
184 1805 385 1890 Opetrios,
425 1802 585 1868 Paceios
623 1802 760 1868 Pacius
789 1802 965 1890 Paooios,
1000 1802 1181 1890 Palpeios

48 1911 201 1996 Palpion,
234 1911 422 1976 Panteios
445 1908 618 1994 Pentios‚
650 1908 812 1975 Peneios
836 1899 1017 1994 P‘ennios,
1048 1910 1181 1978 Petro-

48 2041 147 2084 naeos
186 2019 411 2103 Petronios,
456 2016 675 2108 Plapideios
721 2016 933 2102 Placidios,
979 2016 1180 2105 Pompeios

48 2125 222 2211 Pompios,
250 2127 515 2211 Pomponaeos
542 2124 780 2208 Pomponeos
807 2122 1054 2208 Pomponius,
1086 2125 1181 2191 Pon-

48 2234 131 2298 teios
153 2235 331 2318 Pontius,
358 2232 558 2318 Poppaeus
582 2230 775 2316 Poppeios
797 2229 973 2316 Poppeos
997 2231 1180 2318 Poppios,

47 2337 201 2406 Pulleios
225 2338 395 2423 Pullios,
417 2338 634 2404 Ruselleios
654 2335 861 2428 Rufeilios,
885 2335 1090 2403 Sabineios
1114 2336 1180 2404 Sa·

46 2445 171 2532 binius,
202 2446 359 2514 Saleius
389 2445 532 2530 Solios,
563 2443 767 2510 Saloneios
797 2443 990 2528 Salonius,
1028 2443 1179 2510 Sereios

48 2550 172 2640 Serius,
209 2553 402 2620 Seruaeos
432 2551 603 2636 Seruios,
641 2549 789 2616 Siseios
818 2548 957 2635 Sisioe,
994 2549 1180 2616 Tettaeos

48 2657 207 2726 Tetteioe
240 2660 397 2726 Tettios
430 2657 579 2742 Tetios,
615 2657 773 2722 'Pineios
806 2654 955 2742 Tinios,
993 2656 1180 2724 'Probeios

48 2763 204 2852 Trebius,
237 2766 446 2832 Troceeios
475 2765 658 2830 Troooios
690 2763 864 2849 Trooios,
896 2765 1059 2830 Tuoeios
1086 2765 1180 2830 Tuo·

48 2873 127 2958 cios,
144 2875 309 2941 Tureioa
328 2873 480 2958 Tenios,
498 2870 654 2938 Valeios
673 2871 805 2936 Valios
825 2870 997 2936 Velleius
1016 2869 1181 2954 Vallios,

49 2977 206 3047 Vellaeos
224 2979 399 3046 Velleios
418 2979 563 3044 Vellios
583 2979 727 3063 Velius,
745 2976 908 3044 Veneioe
928 2977 1068 3044 Venios
1087 2977 1181 3042 Ven-

48 3085 132 3166 nios,
154 3087 393 3174 Verginaeos
417 3085 637 3171 Verginios,
665 3085 820 3150 Vireios
843 3083 991 3169 Virios‚
1017 3082 1179 3150 Vineios

50 3191 182 3279 Vinios,
208 3193 387 3260 Vitteios
409 3192 575 3276 Vittios,
601 3190 780 3256 Volceios
808 3190 978 3275 Voloios‚
1005 3189 1180 3256 Volteios

49 3297 197 3386 t'oltios,
219 3301 428 3368 Voluseios
452 3299 645 3383 Volusius,
668 3278 826 3364 Vrseios
848 3295 992 3363 Vrsios.

123 3407 193 3474 Non
220 3431 274 3476 me
301 3407 388 3493 fugit
419 3429 484 3472 non
511 3429 582 3472 esse
608 3407 701 3492 haee,
733 3427 815 3491 quae
847 3405 1066 3470 eoaoervauda
1095 3404 1180 3490 duxi,

51 3513 108 3593 pari
130 3516 237 3582 omnis
260 3514 311 3580 vel
329 3512 393 3578 fide
416 3512 468 3578 vel
491 3514 698 3596 auctoritate,
730 3513 785 3577 sed
814 3511 910 3576 certis
938 3516 972 3576 et
999 3510 1178 3596 exploratis

53 3621 189 3700 quaedem
203 3621 304 3688 dubia
321 3621 432 3704 mixta,
449 3619 572 3704 partim
591 3609 742 3703 suspecta
758 3619 880 3704 partim
899 3617 1063 3702 ambigua
1090 3615 1179 3692 Quae

54 3725 104 3789 etsi
123 3733 288 3811 potueram
312 3749 389 3792 sene
413 3731 446 3792 et
469 3727 592 3792 maiore
615 3725 785 3792 commodo
813 3746 885 3790 meo
914 3729 947 3790 et
974 3745 1051 3789 vero
1075 3725 1178 3789 multo

54 3833 140 3899 tutius
165 3857 298 3920 prorsus
320 3835 594 3920 praetermittere,
621 3837 731 3898 tamen
755 3831 857 3896 odieoi
880 3831 941 3895 hoo
966 3830 1114 3914 oonsilio,
1141 3835 1179 3896 nt

54 3933 170 4005 haberet
192 3964 255 4027 quo
279 3943 424 4007 animum
447 3940 642 4024 adverteret,
675 3941 703 4004 si
727 3939 782 4023 qui
810 3938 849 4003 de
879 3937 1030 4002 universa
1052 3938 1177 4002 rationo

54 4045 199 4112 nominum
226 4049 403 4114 latinorum
430 4047 625 4112 fructuosius
653 4044 684 4109 h.
704 4067 730 4110 e.
753 4049 786 4108 et
813 4043 939 4109 doctius
966 4049 999 4109 et
1027 4043 1177 4109 subtilius

56 4169 187 4230 quaerere
213 4155 401 4221 institueret
427 4177 525 4239 quam
551 4155 591 4218 de
619 4151 866 4238 cognominibus
894 4155 927 4216 et
950 4150 1178 4236 agnominibus

57 4253 159 4325 aFn'd.
176 4261 340 4343 Ellendtio
363 4261 545 4345 nuperrime
567 4281 633 4325 non
657 4259 837 4345 quaesitum
861 4259 969 4345 potius
990 4281 1086 4345 quam
1105 4280 1178 4324 oon·

58 4361 248 4434 aoribillatum
271 4369 346 4435 vidi.
392 4367 534 4435 Tantrrm
562 4367 693 4433 oonoedi
716 4367 757 4432 ab
781 4367 931 4433 omnibus
953 4371 1048 4452 puto,
1078 4366 1177 4432 etiam

60 4471 172 4536 remotis
202 4475 307 4544 dubiis
339 4475 494 4561 exemplis
531 4473 680 4542 omnibus
713 4473 793 4542 setis
829 4495 989 4561 superque
1021 4475 1177 4542 materiae
