2984 5122
331 393 397 458 476
444 411 489 458 ns
513 411 778 460 uscniunrrous
803 411 949 473 Qvnusu
973 410 1103 460 uarius
1126 410 1377 460 nucounrrronr.

330 555 432 617 tueris
440 605 448 638 ,
471 553 505 618 in
528 557 642 619 nostra
665 577 780 621 caussa
804 556 975 640 quicquam
999 555 1182 639 profeceris.
1217 554 1299 620 Nam
1320 556 1371 619 etsi
1390 556 1434 618 sin-

330 662 437 746 gulari
462 685 538 727 sane
562 663 723 747 exemplu,
752 667 785 728 et
808 664 894 748 quod
918 663 969 728 rix
993 666 1081 728 certo
1110 662 1229 728 iudicio
1251 663 1392 747 expedias,
1413 663 1435 726 iu

329 769 488 834 Perusino
517 769 624 855 lapide
653 771 738 856 apud
760 770 1003 837 Vermiliolium
1031 770 1107 836 Iser.
1135 769 1260 835 Per.II
1287 793 1314 854 p.
1332 770 1385 833 349
1404 769 1435 832 ed

330 898 375 958 pr.
400 876 466 940 484
486 876 540 941 alt.
565 874 590 938 L
606 911 611 923 ·
627 875 810 943 MAENAS
825 913 832 930 ·
848 876 873 941 L
889 877 936 941 -L
952 913 959 926 ·
975 877 1248 943 ALEXANDER
1269 878 1385 943 nomina
1402 899 1436 940 so·

281 1015 316 1053 1x
332 983 417 1046 ciata
441 983 552 1065 habes,
575 986 685 1047 tamen
708 985 742 1048 iu
765 985 864 1050 titulo
885 984 1103 1050 Garrucciano
1125 1008 1193 1051 non
1215 989 1267 1050 est
1288 984 1436 1050 ullomodo

331 1089 483 1153 credibile
507 1088 716 1155 MENATES
743 1090 883 1156 formam
912 1113 1049 1175 aequare
1072 1089 1312 1156 MAENATES
1335 1091 1437 1173 scripu-

329 1217 413 1260 ram:
438 1218 534 1281 quam
559 1199 643 1262 enim
663 1198 810 1283 angustis
829 1197 948 1263 finibus
967 1219 983 1262 e
1000 1199 1120 1262 vocalis
1139 1219 1198 1281 pro
1218 1219 1255 1262 uc
1273 1196 1437 1281 diphthongo

329 1325 406 1367 usus
434 1303 468 1368 in
496 1305 604 1389 prisca
632 1304 796 1370 latinitate
825 1305 1085 1389 circumscriptus
1113 1305 1223 1387 hierit,
1257 1304 1333 1368 satis
1358 1303 1439 1367 videor

329 1409 363 1473 iu
387 1432 501 1475 comm.
526 1412 564 1477 de
589 1411 677 1477 fictil.
700 1411 762 1476 litt.
786 1435 816 1496 p.
835 1412 878 1476 22
904 1415 1014 1495 [supra
1038 1435 1068 1495 p.
1087 1411 1165 1491 286]
1191 1410 1343 1475 docuisse.

419 1517 487 1592 Quo
511 1519 612 1603 igitur
639 1518 851 1583 confidentius
874 1516 1049 1582 Menates
1077 1521 1171 1582 teneo
1201 1539 1260 1601 pro
1289 1516 1438 1580 hlinalius

329 1625 484 1710 positum,
517 1647 554 1689 eo
588 1647 672 1689 nunc
705 1646 782 1689 sane
816 1624 910 1688 citius
940 1621 1149 1688 LVGILLES
1182 1623 1264 1688 illud
1297 1624 1439 1688 extermina
1477 1679 1478 1684 ,

330 1733 414 1817 quod
429 1755 518 1797 mero
535 1754 642 1796 errore
656 1732 795 1817 inrepsit
809 1732 841 1795 in
857 1732 915 1814 pii
932 1731 1040 1812 [449]:
1064 1729 1191 1814 quando
1210 1731 1246 1795 in
1265 1731 1364 1795 forma
1376 1729 1439 1792 tir-tili

329 1863 348 1904 a
371 1840 552 1905 Boissieuio
580 1840 747 1924 publicata
774 1839 875 1903 lusor.
898 1837 998 1922 Lugd.
1022 1860 1052 1922 p.
1071 1837 1136 1900 443
1160 1859 1190 1902 n.
1213 1837 1254 1901 16
1282 1841 1362 1902 recte
1382 1837 1440 1898 lecta

329 1947 498 2032 inscriptio
534 1944 755 2011 VALGIAES
772 1981 778 1994 ·
794 1942 1004 2010 LVCILLES
1043 1945 1211 2028 genetivus
1249 1943 1439 2009 declinationis

328 2055 452 2137 primae
477 2058 638 2119 monstrat
662 2054 876 2137 apertissime.
922 2051 1046 2117 Omitto
1069 2075 1154 2117 nunc
1177 2052 1258 2136 alia,
1281 2053 1363 2117 velut
1381 2049 1440 2136 quui

329 2162 362 2224 in
385 2164 525 2225 tractato
549 2184 579 2245 p.
601 2161 640 2224 13
666 2161 758 2242 [456]
788 2161 886 2225 titulo
909 2159 1123 2226 Nemausensi
1152 2160 1341 2244 perduhiam
1366 2156 1440 2223 elide

329 2267 504 2332 memoriae
533 2290 602 2331 csse
625 2266 778 2332 VETTII
793 2303 798 2314 ·
814 2265 943 2332 HELIS
971 2266 1144 2332 lectionem
1167 2265 1392 2332 Mommsenun
1411 2265 1440 2326 iu·

329 2379 458 2459 epactae
482 2399 501 2439 a
521 2398 554 2439 se
574 2375 709 2440 schedae
730 2373 957 2458 Scaligeranae
978 2373 1151 2437 Leidenses
1170 2373 1351 2439 docuerunt.
1380 2371 1437 2436 Nun

328 2487 365 2547 ut
389 2483 559 2566 quaedam,
590 2483 705 2566 quibus
734 2481 804 2545 illie
834 2504 910 2544 usus
939 2503 1011 2544 sum
1038 2481 1279 2567 incertioribus,
1306 2483 1394 2546 missa
1412 2480 1438 2542 la·

329 2591 441 2655 cienda
470 2591 548 2672 sint,
577 2613 642 2655 non
671 2595 779 2654 tamen
807 2589 885 2654 haec
914 2594 994 2674 puto
1022 2589 1200 2674 impedient
1227 2590 1388 2674 quominus
1409 2585 1436 2648 rei

329 2721 454 2762 summa
478 2699 568 2762 salva
591 2699 758 2763 habeatur.
781 2735 824 2743 —
848 2697 956 2762 Vnum
985 2697 1067 2764 addo
1092 2719 1287 2782 quamquam
1309 2697 1437 2761 levidensi

328 2829 386 2870 nec
410 2806 449 2870 ad
473 2806 669 2889 scriptorum
697 2805 806 2889 potius
835 2828 932 2889 quam
959 2805 999 2870 ad
1028 2805 1234 2869 librariorum
1263 2827 1351 2870 usum
1376 2821 1437 2885 spec·

328 2917 411 2977 tans.
452 2913 520 2977 Nee
544 2912 630 2976 enim
653 2911 798 2996 profecto
822 2911 916 2975 nobis
940 2912 1127 2996 persuaderi
1151 2911 1311 2995 patiemur
1335 2911 1370 2975 ab
1389 2909 1436 2991 ipsc·

328 3020 420 3085 Livio
438 3019 617 3104 profectam
633 3041 701 3082 esse
717 3019 892 3102 pristinam
907 3022 1004 3103 atque
1019 3019 1098 3084 odeo
1114 3017 1344 3083 Sallustianam
1365 3015 1436 3080 alius

328 3128 416 3191 vocis
445 3126 709 3209 declinationem,
743 3127 833 3190 cuius
863 3131 992 3210 praeter
1020 3125 1117 3209 illud,
1149 3125 1235 3208 quod
1263 3149 1293 3209 p.
1314 3126 1350 3189 10
1371 3117 1435 3203 [lii]

329 3233 400 3298 adn.
424 3235 531 3318 attigi,
562 3234 625 3298 duo
649 3234 795 3317 exempla
817 3233 985 3315 indagavit
1008 3233 1237 3297 studiosissimi
1260 3227 1435 3297 adulescens

328 3340 487 3404 industria
517 3341 551 3404 iu
580 3340 724 3410 Liuianis
757 3339 848 3403 libris
882 3340 1009 3403 naviter
1041 3340 1169 3404 versat'.
1215 3339 1264 3404 Ac
1292 3337 1381 3402 leuius
1402 3346 1433 3395 est
1474 3331 1475 3354 *

329 3448 427 3532 quod,
460 3470 532 3512 cum
561 3446 762 3530 1.VH,8,2
790 3447 824 3510 in
852 3470 910 3511 ms.
940 3447 1049 3511 codice
1072 3445 1229 3512 Klockius
1254 3445 1369 3527 ‘aquius
1385 3439 1432 3502 ulii

328 3558 425 3622 adium
460 3553 664 3636 ino-munus
697 3555 904 3639 repperisset,
940 3553 1015 3617 inde
1048 3553 1253 3618 efficiendum
1285 3553 1343 3617 ulis
1367 3549 1428 3612 abu

327 3663 456 3746 putavit
487 3661 684 3726 Sallustiana
718 3662 871 3744 exemplo
918 3660 1033 3725 Paullo
1066 3661 1198 3745 gravius
1232 3660 1330 3725 videri
1358 3661 1431 3741 poue

327 3771 411 3853 qirod
435 3771 455 3834 l.
474 3767 592 3850 XXIV,
612 3770 663 3851 28,
683 3769 704 3830 4
726 3768 796 3851 ipse
809 3767 1094 3831 Weissenbornius
1118 3789 1137 3830 a
1156 3765 1292 3832 Pnteani
1315 3757 1429 3830 memoria

327 3897 355 3959 si
382 3861 490 3959 uliidiu
519 3893 645 3957 trulruut
672 3913 719 3956 rcs
749 3891 935 3978 (equidem
963 3913 1061 3955 manu
1089 3890 1187 3955 tertia
1216 3888 1421 3975 suprascript·
1473 3911 1474 3920 ¹

328 4003 490 4083 profectus
514 4004 559 4067 uli
582 4003 644 4066 ulio
667 4000 730 4084 ipsi
751 3998 901 4082 scriptori
920 3999 1036 4062 tribuit
1056 3997 1151 4082 idque
1170 3999 1204 4062 in
1224 3996 1427 4063 continuimus

328 4109 499 4172 vorborum
533 4108 670 4190 exempli
704 4106 754 4170 sui
787 4107 916 4190 recepit.
977 4105 1068 4182 Quod
1102 4128 1158 4169 cur
1190 4127 1257 4169 non
1287 4102 1426 4190 prosena

328 4237 457 4279 carissas
487 4221 555 4279 tani
578 4237 648 4278 esse
674 4217 802 4296 apertas
826 4217 993 4296 putamus‘,
1029 4215 1066 4278 ut
1089 4215 1122 4276 et
1145 4211 1214 4276 otio
1238 4214 1270 4275 et
1292 4226 1386 4294 opcrsc
1405 4212 1423 4257 ‘¹
1472 4255 1473 4296 ,

328 4322 449 4386 chartis
475 4321 667 4410 parcendum
693 4320 847 4384 videatur.

872 4535 1004 4542 ..—-—-—-
