3008 5118
320 339 384 403 282
644 359 689 406 nn
715 359 911 406 rrermmvs
936 360 1143 407 nrrrsnarrs

363 498 480 564 ΒΕΛΟ
492 523 508 560 s
519 500 565 563 ΑΙ
581 535 587 548 ·
604 500 818 568 POCOLOM:
843 503 926 587 apud
944 502 1172 586 Millingeuum
1191 502 1357 568 Florentiae
1375 506 1430 568 risa

363 605 535 670 Welclrero
560 609 688 691 suisque
712 609 746 672 in
769 609 880 673 diariis
906 611 947 674 ab
967 632 1004 673 eo
1024 611 1144 693 raptim
1163 610 1355 695 consignata,
1373 619 1432 694 post

364 719 617 778 commemorata
655 737 725 779 cum
763 716 878 780 ceteris
915 716 948 780 in
986 716 1124 780 editione
1163 715 1261 778 tertia
1295 716 1432 781 euchiridii

362 820 564 884 Muelleriani
589 845 618 904 p.
641 821 716 886 195:
750 822 872 886 frustra
900 845 919 886 a
947 845 998 886 me
1026 822 1171 905 quaesita
1201 823 1234 887 in
1262 845 1359 888 museo
1377 823 1434 886 Bri·

362 927 502 1008 tannico,
533 950 595 1010 quo
621 929 778 1010 perlatam
810 951 879 992 esse
903 951 967 992 una
991 950 1064 992 eum
1088 928 1193 992 altera
1217 928 1433 1014 lllilliugeniaua

362 1032 596 1118 suspicabar.*)

405 1139 513 1224 Atque
536 1147 572 1204 ut
595 1143 636 1206 ab
661 1165 699 1206 ea
723 1165 818 1225 quam
848 1148 1012 1226 postremo
1042 1144 1113 1208 loeo
1141 1144 1236 1226 posui
1266 1143 1375 1226 patella
1396 1166 1435 1206 or·
1502 1121 1503 1144 ¹

318 1248 396 1331 diar,
420 1271 491 1311 cum
517 1249 664 1331 quintam
689 1252 729 1313 ab
754 1251 845 1314 initio
870 1250 1012 1314 litteram
1025 1251 1216 1314 Welclrerus
1236 1251 1330 1314 talem
1348 1249 1435 1332 piure-

317 1354 360 1417 rit
384 1358 433 1431 ut,
457 1358 564 1418 utrum
587 1355 615 1419 A
636 1378 676 1418 an
703 1352 722 1419 l
747 1357 871 1440 legerit,
894 1380 959 1421 non
979 1362 1144 1441 appareat,
1163 1359 1232 1422 iure
1252 1379 1308 1454 suo
1326 1355 1435 1418 lllomm·
1501 1399 1502 1414 2

318 1483 413 1524 senus
447 1461 487 1523 ab
522 1459 636 1526 lahnio
668 1468 941 1528 commemoratus
973 1465 1128 1547 scriptum
1162 1487 1233 1528 esse
1266 1464 1299 1527 in
1328 1461 1436 1526 vasculo
1502 1461 1503 1464 ’

317 1565 530 1648 ΒΕΛΟΝΑΙ,
563 1569 627 1650 vel,
655 1568 741 1651 quod
770 1570 878 1651 potius
908 1569 1067 1652 duxerim,
1096 1567 1286 1634 BEtONAI
1314 1570 1437 1634 coniecit:

316 1673 444 1756 quando
467 1673 654 1737 incredibile
678 1673 765 1737 dictu
791 1680 840 1738 est
864 1676 1013 1758 quotiens
1042 1675 1075 1739 in
1100 1675 1151 1739 his
1175 1676 1368 1740 brevissimis
1387 1677 1436 1758 epi-

317 1779 452 1863 graphis
485 1780 630 1863 legendis
661 1803 680 1842 a
708 1785 787 1864 quot
814 1781 893 1844 viris
921 1782 1131 1864 doctissima,
1163 1805 1300 1865 quorum
1329 1783 1437 1846 nomina
1494 1792 1499 1813 “

317 1909 414 1970 supra
438 1887 545 1969 posui,
573 1887 662 1951 miris
692 1887 796 1950 modis
824 1887 985 1951 variatum
1014 1887 1123 1972 siau)
1169 1888 1197 1952 Ε
1222 1890 1350 1973 reliquis
1374 1889 1435 1952 nihil

1493 1822 1500 1903 l

317 1993 531 2056 dubitationis
556 1994 604 2056 vel
630 1991 823 2057 VOLOANI
848 1994 897 2057 vel
922 1987 1162 2058 LAVERNAE
1186 1996 1319 2060 nomina
1340 2001 1437 2059 creant.
1495 2051 1497 2092 3

316 2099 385 2162 Nee
408 2100 480 2182 plus
505 2098 712 2164 annulus:
738 2101 946 2164 memorabile
970 2100 1001 2164 id
1027 2102 1155 2185 quidem
1180 2108 1349 2186 propterea
1369 2100 1436 2185 quod
1490 2096 1496 2115 '

317 2207 453 2269 alterum
479 2207 660 2290 exemplum
685 2229 699 2270 c
722 2231 779 2290 pro
804 2210 816 2270 c'
839 2209 965 2271 litterae
996 2208 1093 2272 etiam
1117 2209 1151 2272 in
1175 2211 1323 2292 genet-iro
1345 2209 1438 2271 tertiae

318 2313 544 2377 declinationis
570 2318 715 2378 servatae
740 2314 863 2378 accedit
886 2314 953 2397 illi,
988 2315 1071 2397 quod
1101 2318 1149 2377 est
1172 2313 1390 2380 APOLONES
1414 2315 1437 2375 ia

318 2420 515 2484 venerandae
540 2423 712 2485 vetustatis
737 2443 808 2485 aere
833 2421 1019 2486 Monacensi
1045 2421 1128 2503 apud
1153 2420 1310 2486 Orellium
1327 2445 1355 2487 n.
1371 2421 1437 2485 1433

318 2524 408 2604 [Ol.
432 2526 465 2590 L.
488 2527 502 2589 Ι
528 2549 556 2590 n.
580 2529 655 2612 1873
692 2527 727 2593 P.
746 2526 780 2590 L.
800 2527 842 2591 M.
862 2527 899 2590 Ε.
929 2528 992 2591 tab.
1017 2526 1121 2608 llB].
1172 2526 1323 2612 Sequitur
1352 2524 1435 2591 lilllll

316 2634 479 2716 poculum,
517 2635 566 2698 cui
601 2635 786 2698 felicissimo
821 2657 969 2698 successu
1003 2634 1079 2698 Rev.
1112 2635 1210 2698 Peter
1244 2633 1387 2699 Seechius
1414 2633 1435 2694 iu

316 2739 402 2804 Diar.
431 2741 511 2805 lust.
540 2741 625 2806 ercli.
651 2765 677 2805 a.
700 2742 784 2806 1843
813 2763 843 2823 p.
864 2742 914 2822 72,
947 2741 1026 2803 item
1054 2742 1088 2804 in
1116 2741 1383 2806 commentatione
1409 2737 1436 2799 de

317 2848 442 2910 musivo
477 2849 698 2913 Antoniniarro
728 2849 851 2912 Itomae
885 2848 996 2911 eodem
1027 2870 1113 2910 anno
1146 2847 1293 2932 vulgata,
1325 2846 1361 2911 de
1389 2867 1435 2928 qua

316 2952 486 3017 Henzenus
510 2954 636 3019 rettulit
657 2954 758 3018 Diarii
780 2955 865 3017 illius
886 2977 914 3036 p.
933 2955 1004 3034 127,
1028 2953 1132 3016 lucem
1151 2953 1295 3018 admovit
1314 2977 1348 3018 ex
1363 2949 1435 3016 Pauli

317 3059 453 3124 Diaconi
477 3062 526 3124 his
552 3061 672 3142 verbis,
700 3060 857 3142 excerptis
887 3082 903 3123 e
927 3058 1024 3122 Festo
1048 3081 1078 3140 p.
1101 3059 1162 3121 122
1183 3058 1238 3122 M.:
1267 3059 1312 3123 ‘et
1338 3060 1366 3122 in
1387 3077 1435 3122 car·

316 3167 400 3230 minc
426 3167 541 3231 Saliari
567 3166 684 3232 Carus
708 3191 839 3231 marrus
864 3167 1064 3250 intellegitur
1087 3169 1216 3229 creatur
1239 3165 1359 3231 bouus'
1385 3163 1434 3228 lt'a·

317 3296 387 3337 meo
422 3297 516 3337 sensu
546 3275 806 3359 improbabiliter
839 3274 871 3336 iu
901 3273 1079 3336 carminum
1110 3272 1285 3336 Saliarium
1316 3269 1434 3354 reliquiis

1487 2378 1494 2407 l

1486 2434 1495 2507 ⁴

316 3379 527 3444 Varronianis
552 3383 589 3445 de
614 3384 633 3445 l.
653 3383 707 3446 lat.
724 3381 796 3464 VH,
816 3382 858 3444 2ss
883 3379 1018 3443 ‘duonus
1042 3401 1133 3442 cerus
1158 3377 1204 3442 es'
1229 3379 1327 3443 verba
1346 3388 1434 3443 contra
1490 3420 1495 3438 -,

404 3573 428 3638 *J
449 3573 532 3643 [Vide
557 3592 629 3628 nunc
656 3575 683 3628 C.
704 3575 723 3627 Ι.
744 3574 771 3627 L.
801 3575 809 3624 l
835 3591 859 3627 u.
880 3579 927 3638 443
960 3571 1084 3640 repperit
1110 3573 1204 3624 autem
1233 3571 1305 3626 hanc
1333 3573 1432 3641 pateram
1491 3580 1495 3591 ¹

316 3663 452 3716 llrauaius
476 3663 589 3716 tandem
617 3663 645 3715 iu
675 3663 769 3717 Museo
794 3662 949 3731 Campanae
973 3663 1002 3714 ct
1025 3660 1182 3714 accuratius
1207 3660 1358 3715 delineavit
1378 3653 1432 3724 tridu
1494 3685 1495 3688 =

315 3752 371 3804 lab.
388 3753 411 3804 x
427 3753 451 3804 (ι’
471 3755 499 3805 et
514 3752 547 3804 cl.
564 3769 647 3821 supra
662 3770 687 3820 p.
703 3757 754 3805 266
770 3753 852 3809 adul.
866 3783 894 3790 -
912 3751 1060 3803 Praeterea
1079 3749 1144 3802 vide
1162 3765 1234 3816 quae
1249 3749 1283 3802 de
1299 3741 1432 3802 COERAE·

315 3843 457 3896 lucano
478 3845 517 3908 (O.
538 3843 557 3893 Ι.
578 3841 606 3894 L.
629 3842 637 3892 l
659 3860 683 3894 n.
700 3849 748 3904 453
775 3842 890 3910 Eplrem.
912 3839 998 3908 epigr.
1020 3839 1031 3890 Ι
1051 3857 1076 3906 p.
1093 3843 1108 3890 8
1128 3857 1153 3892 n.
1171 3843 1196 3903 6)
1222 3841 1334 3892 narrata
1355 3837 1431 3888 sunta

316 3932 468 3985 llitsclrelie
495 3931 523 3984 P.
544 3929 572 3981 L.
594 3929 628 3984 ll.
651 3929 679 3981 ll.
704 3930 797 3982 Enarr.
825 3935 919 3996 p.14,
953 3927 981 3980 in
1004 3927 1113 3980 Priscae
1138 3927 1186 3980 lat.
1211 3928 1299 3996 epigr.
1323 3925 1399 3994 suppl.
1416 3918 1430 3964 Ι

315 4041 341 4090 p.
362 4022 398 4074 lli
419 4038 458 4088 sq.
483 4021 512 4073 et
534 4019 621 4071 Musei
646 4019 732 4071 ltlren.
752 4021 772 4070 t.
788 4018 852 4070 XXI
872 4018 962 4083 (1866)
982 4033 1008 4083 p.
1024 4022 1075 4068 296
1091 4033 1130 4082 sq.
1150 4046 1183 4054 —
1208 4016 1317 4070 Nonum
1339 4007 1430 4068 accesit

315 4110 479 4164 alsenam
491 4139 496 4148 ·
507 4107 738 4174 l’OCOCOLl'llll,
758 4107 847 4174 quode
868 4107 930 4158 vide
945 4105 1054 4158 Priscae
1074 4105 1121 4157 lat.
1137 4104 1223 4174 epigr.
1239 4103 1326 4172 suppl.
1337 4102 1385 4168 Vp
1405 4092 1428 4148 ll

316 4202 344 4252 ct
363 4199 396 4252 ci.
417 4198 531 4268 liphem.
552 4197 639 4265 epigr.
660 4197 671 4248 l
690 4202 747 4265 ps
768 4215 793 4249 n.
809 4203 833 4250 ῠ.
872 4194 899 4249 C.
916 4194 972 4263 W.l

387 4288 427 4356 **)
447 4287 568 4357 [Reapsc
592 4285 726 4353 scriptum
752 4303 811 4338 esse
831 4284 975 4337 uacuam
1001 4285 1099 4351 postca
1122 4287 1293 4351 compertum
1315 4281 1362 4341 est;
1386 4285 1426 4341 qua
1493 4276 1497 4296 ''

315 4381 409 4431 mmen
433 4375 543 4428 nemine
569 4375 685 4428 candem
706 4375 850 4427 Bellonam
874 4374 953 4426 dcam
980 4372 1119 4440 appellari
1143 4370 1270 4440 exposuit
1288 4361 1427 4423 ltitscheliur

316 4466 343 4522 in
363 4464 472 4518 Priscae
492 4463 540 4516 lat.
561 4463 646 4531 epigr.
668 4464 757 4531 suppl.
778 4463 801 4516 V
821 4482 846 4532 p.
864 4463 908 4515 Xl.
947 4462 975 4516 C.
991 4463 1048 4532 W]
