3008 5118
357 377 565 426 narmonvrr
589 377 856 438 lnnromssnrrs.
1114 357 1177 424 291

52 521 177 596 Quarum
201 520 383 585 litterarum
406 519 512 586 fracta
534 521 651 586 ultima
668 543 735 587 non
753 525 864 606 potest
882 519 948 584 alia
965 517 1029 584 nisi
1049 516 1178 584 Vesse:
1194 543 1219 582 ετ

52 625 82 710 V,
103 633 254 711 quantum
277 627 380 712 video,
403 649 469 694 non
493 627 558 694 alio
582 651 599 693 e
622 627 781 694 vocabulo
804 627 869 694 nisi
893 624 1043 692 eVotum
1065 626 1181 692 relicta

50 755 122 798 csse:
152 733 219 799 voti
246 733 338 800 notio
365 757 431 802 non
459 735 525 802 alio
552 735 616 802 nisi
649 735 690 800 ad
712 755 834 800 numen
857 733 1001 800 divirmm
1024 739 1180 820 spectare.

49 837 112 904 Non
133 843 254 919 autem,
283 841 334 906 cui
357 841 417 906 deo
441 846 554 907 votum
577 863 634 907 vas
658 842 714 926 sit,
743 840 799 906 sed
823 843 878 928 qni
901 841 1041 925 voverit,
1069 863 1178 927 super·

50 947 129 1012 stitcs
159 947 193 1012 in
228 946 415 1033 fragmento
451 947 593 1034 litterae,
628 949 694 1014 nisi
725 948 803 1034 quid
835 970 899 1026 me,
918 947 1017 1032 fallit,
1054 947 1180 1014 docent.

50 1051 123 1128 Quas
144 1053 253 1120 nescio
281 1077 324 1120 an
352 1077 426 1122 cum
454 1056 563 1142 aliqua
590 1055 822 1142 probabilitate
850 1055 899 1122 sic
926 1059 960 1120 et
987 1055 1182 1141 interpreter

49 1165 76 1224 et
95 1161 275 1246 suppleam:

67 1333 218 1351 ........
237 1283 407 1353 PROMOs
429 1285 643 1353 FAMELIAI
667 1238 823 1354 DONOM
840 1285 990 1352 vorum
1013 1284 1167 1352 DEDIT

48 1406 103 1493 (rel
122 1409 317 1496 DEDL'T),
350 1411 537 1498 praemissis
568 1411 698 1497 quidem
731 1416 765 1476 et
795 1411 846 1476 dci
879 1409 1115 1496 appellatione,
1148 1413 1182 1476 et

48 1517 105 1579 cius
126 1519 256 1583 nomine
281 1518 336 1604 qni
364 1541 404 1584 ex
431 1523 509 1586 voto
538 1519 670 1585 donarit
696 1540 852 1604 promus
882 1517 1067 1584 familiae.
1111 1517 1182 1584 Neo

49 1622 121 1686 enim
143 1623 261 1690 mirum
286 1623 318 1689 id
342 1625 486 1691 officium
504 1625 792 1692 commemorari-a
810 1624 981 1691 donatore:
1004 1624 1089 1709 quod
1107 1647 1180 1710 pro·

49 1728 121 1794 xima
144 1731 184 1796 ab
203 1731 308 1816 ipsius
328 1731 414 1797 vilici
434 1754 566 1798 munere
585 1732 745 1818 dignitate
764 1731 866 1796 fnisse
885 1731 918 1796 in
936 1731 1063 1796 familia
1077 1730 1181 1797 Varro

48 1836 175 1902 ostendit
198 1839 286 1904 libro
304 1838 321 1904 1
344 1839 391 1904 rei
413 1840 551 1904 rusticae
574 1861 643 1926 cap.
664 1841 714 1924 16,
734 1839 767 1904 5:
792 1837 918 1924 ‘itaque
936 1837 1010 1903 ideo
1026 1837 1181 1904 Sasernae

48 1941 119 2007 liber
139 1945 300 2029 praecipit
322 1967 364 2011 ne
387 1946 460 2032 quis
484 1945 524 2012 de
546 1945 647 2026 fundo
677 1949 771 2012 exeat
797 1951 928 2030 praeter
956 1945 1116 2010 uilicum
1144 1949 1183 2008 et

48 2070 205 2131 promum
228 2056 262 2116 et
286 2073 384 2117 unum
407 2075 502 2138 quem
522 2053 639 2118 uilicus
658 2052 762 2136 legat:
787 2051 905 2136 siquis
927 2055 1041 2116 contra
1060 2051 1183 2136 exierit,

48 2178 79 2220 nc
99 2159 225 2244 impune
250 2159 362 2225 abeat:
390 2159 419 2224 si
447 2157 579 2241 abierit,
606 2163 643 2224 nt
671 2157 705 2222 in
728 2159 860 2224 uilicum
884 2155 1182 2224 animaduertitur!

47 2261 182 2352 Idemque
206 2265 286 2352 (nisi
310 2265 387 2350 quid
411 2271 558 2350 tempora
586 2265 621 2330 in
647 2265 710 2332 hoo
738 2286 854 2353 genere
877 2263 1060 2352 mutarunt)
1090 2265 1182 2330 illinc

49 2371 179 2456 conligas
204 2371 303 2457 qnod,
326 2393 399 2438 cum
414 2371 549 2438 Plautus
574 2371 752 2438 ‘cundum
776 2371 964 2457 promum’
989 2373 1076 2438 dicat
1099 2371 1183 2458 ‘pro-

49 2483 215 2543 curatorem
229 2476 333 2563 peni',
352 2479 417 2562 ipsi
432 2477 579 2544 ‘atriensi
599 2477 827 2563 imperantem'
841 2479 993 2544 Pseuduli
1012 2502 1039 2543 v.
1051 2479 1115 2546 608
1127 2501 1183 2563 sq,

49 2589 277 2664 procuratorem
301 2590 334 2650 st
357 2585 490 2651 vilicum
513 2607 578 2651 non
603 2587 703 2650 semel
722 2583 836 2652 Cicero
860 2586 996 2652 sociavit
1019 2589 1055 2651 ut
1077 2585 1182 2670 digni·

50 2691 105 2752 tate
126 2691 352 2756 antecedentes
375 2691 502 2777 ceteris,
525 2691 566 2756 ad
589 2691 736 2758 Atticum
760 2691 848 2778 XIV,
870 2693 920 2776 16,
942 2693 969 2758 1.
991 2693 1030 2757 de
1054 2697 1135 2759 orat
1158 2691 1184 2778 I,

51 2793 96 2878 58,
117 2797 188 2864 249.
239 2797 302 2864 cui
331 2799 390 2864 deo
421 2803 534 2866 votum
566 2799 749 2880 donaverit,
782 2799 926 2865 divinare
958 2821 1053 2864 nemo
1085 2799 1183 2864 homo

51 2907 153 2983 potest:
182 2905 295 2991 potuit
317 2903 434 2971 Libero
458 2907 510 2972 vel
534 2905 659 2991 Cereri,
687 2907 796 2992 potuit
817 2904 969 2990 Laribus,
994 2905 1051 3008 pel
1074 2906 1183 2990 potius

52 3009 92 3074 cui
111 3032 173 3077 non
196 3013 330 3096 potuit?
372 3013 443 3090 Quo
472 3017 580 3079 autem
609 3015 721 3080 ordine
745 3015 908 3100 excepisse
932 3036 966 3078 se
989 3013 1054 3096 dei,
1086 3014 1182 3080 dona-

51 3117 126 3201 toris,
143 3119 329 3185 donationis
348 3121 505 3186 vocabula
524 3122 707 3206 statuimus,
730 3122 865 3187 eundem
884 3143 957 3187 cum
974 3121 1184 3188 Pisaurenses

51 3220 157 3306 lapides
190 3231 324 3292 sumant
355 3226 551 3294 FERONIA
566 3263 573 3276 ·
590 3225 671 3293 STA
686 3263 693 3278 ·
708 3226 839 3293 ΤΕΤΙΟ
855 3263 861 3277 ·
877 3227 998 3294 DEDE
1027 3225 1077 3309 [C.
1100 3227 1124 3294 1.
1147 3227 1184 3298 L.

51 3325 109 3394 lu.
123 3332 196 3416 1693
220 3333 255 3398 Ρ.
275 3332 311 3400 L.
329 3332 373 3398 M.
392 3333 429 3401 E.
452 3336 519 3400 tab.
533 3333 640 3400 XLIII
655 3333 702 3415 B]
728 3339 762 3400 et
784 3333 1183 3418 moue-Raptus-

11 3503 20 3528 ,
53 3431 185 3503 TRONA
199 3473 206 3488 ·
221 3437 468 3506 Plsnvltnsa
483 3477 489 3490 ·
505 3439 626 3506 DONO
641 3474 647 3489 ·
663 3438 843 3505 DEDROT
868 3439 917 3522 [C.
932 3440 956 3508 1.
972 3441 1005 3506 L.
1024 3441 1040 3506 Ι
1059 3465 1088 3506 n.
1107 3443 1183 3524 1733

53 3537 80 3604 P.
100 3541 131 3610 L.
152 3545 193 3610 Μ.
216 3546 256 3612 Ε.
285 3546 351 3612 tab.
375 3545 483 3614 XLIII
502 3547 560 3631 Ol,
593 3551 663 3612 tum
695 3547 862 3613 Romanum
898 3547 954 3612 ille
988 3548 1035 3630 [O.
1062 3547 1087 3614 I.
1111 3546 1184 3612 LI

54 3649 165 3735 n.5313
193 3651 289 3738 vl,1
314 3641 447 3739 ulit,
482 3655 517 3721 P.
541 3653 575 3720 L.
599 3653 642 3719 M.
666 3655 703 3720 Ε.
731 3655 903 3736 tab.LA]
937 3651 1183 3720 Mecum-nc

55 3749 257 3826 ttlvulvs
277 3795 285 3811 ·
302 3759 338 3826 M
356 3761 405 3840 ·f.
427 3758 585 3828 eONSOL
600 3795 613 3852 Ι·
632 3759 739 3846 ΒΕΙ),
769 3761 848 3826 item
870 3760 1053 3826 Florentiae
1084 3781 1186 3846 nuper

56 3861 87 3925 ab
112 3863 145 3929 0.
166 3865 345 3936 Ribbeckio
377 3875 540 3954 repertus,
575 3891 596 3934 a
627 3867 790 3935 Guilelmo
824 3869 980 3934 Vischero
1012 3866 1185 3934 Basiliensi

56 3971 152 4054 ectypo
174 3973 345 4042 chartaceo
369 3973 575 4060 expressus*)
599 3973 737 4040 ··1s10
756 4009 763 4026 ·
783 4009 790 4024 ·
810 3975 871 4040 AR
889 4008 923 4024 ··
953 3971 1015 4058 ΙΙΜ
1030 4005 1037 4022 ·
1052 3971 1181 4038 Tltltlll·

113 4135 208 4144 --..-

131 4219 244 4291 ’)[Ηοο
262 4221 353 4276 minus
373 4223 448 4278 recte
467 4223 610 4278 narratum
634 4237 693 4278 esse
718 4221 778 4292 ipse
798 4219 997 4276 animadvortit
1015 4219 1185 4276 Ritsohclitra

59 4299 441 4382 lustusamans
465 4311 543 4380 ὼς
580 4311 768 4367 Mommscnus
795 4307 869 4364 euim
892 4309 911 4368 l.
930 4309 950 4366 l.
977 4310 1088 4366 rettulit
1115 4311 1185 4382 lapi·

61 4387 112 4446 dem
124 4394 222 4452 editum
235 4398 358 4468 quidem,
377 4397 505 4468 quamvis
523 4415 622 4470 parum
638 4399 797 4470 diligenter,
816 4398 872 4454 iam
891 4397 1008 4454 aGorio
1027 4397 1112 4457 Inscr.
1127 4399 1185 4456 Etr.

62 4475 302 4558 1.1snasssse‚
326 4489 448 4558 ectypon
471 4491 567 4544 autam
592 4487 771 4544 chartaceum
790 4488 886 4545 deberi
905 4487 1002 4544 Ottoni
1021 4487 1185 4544 Ribbsckio.

919 4578 972 4633 19⁸
