3020 5118
333 362 395 425 186
476 379 626 425 TITVLVS
652 377 841 424 convulsas
867 378 1070 426 ROSTRATAE
1094 380 1325 427 nvnunlsn'ac.

330 520 425 585 titulo
460 521 550 605 sequi
588 543 622 584 se
653 519 860 587 Oiacconium
898 526 935 586 et
968 521 1206 606 Onuphrium
1244 523 1447 588 Panvininm

329 628 435 711 planis
459 628 565 692 verbis
590 626 752 692 Gonnius
780 632 930 693 testetur:
959 652 997 693 ex
1025 629 1076 694 his
1105 631 1255 695 omuibus
1278 651 1342 694 non
1360 631 1449 696 imme

328 735 392 799 rito
416 735 563 820 conligas
583 734 705 818 aliquid
725 737 1021 820 supplementorum
1041 735 1130 823 (uam
1148 738 1298 821 paullum
1316 743 1362 802 est
1377 743 1449 822 sane)
1503 815 1504 820 γ

328 841 393 906 iam
420 842 612 907 Panvinium
645 841 690 906 in¹
707 842 840 907 schedas
870 843 1058 927 coniecisse,
1094 843 1128 908 id
1161 848 1273 908 antem
1305 849 1375 929 post
1396 845 1450 909 eins
1501 827 1504 906 l

329 951 467 1014 mortem
489 950 616 1013 demum
641 951 675 1014 in
698 951 802 1013 lucem
822 954 1023 1034 protractum
1044 951 1136 1015 novis
1156 949 1348 1035 ‘Triumphi’
1366 975 1450 1016 erem·
1503 975 1504 1010 3

328 1057 392 1140 plis
417 1057 458 1120 ab
482 1055 660 1121 editoribus
685 1057 846 1121 adiectum
870 1080 948 1123 esse.
985 1058 1104 1134 Quodsi
1128 1057 1282 1122 Goczium
1307 1059 1450 1123 nonsatis
1501 1085 1504 1124 ,ς

328 1163 452 1227 curiose
479 1164 543 1247 ipsi
571 1162 729 1228 Panvinio
757 1164 923 1247 tribuisse,
957 1187 1037 1249 quae
1067 1165 1102 1228 in
1130 1165 1370 1230 commentariis
1396 1169 1451 1229 tan·
1499 1220 1501 1231 .

328 1273 397 1332 tum
421 1268 630 1334 Panvinianis
654 1293 764 1334 recens
788 1270 883 1335 editis
906 1272 1113 1355 repperisset,
1141 1271 1329 1355 credideris,
1356 1271 1450 1335 nesciri

326 1377 494 1441 fatendum
517 1378 580 1443 erit
603 1377 643 1442 ad
666 1400 761 1463 quem
785 1383 949 1443 auctorem
978 1379 1202 1464 supplementa
1224 1377 1286 1442 illa
1309 1376 1451 1454 referenda

327 1483 401 1548 sint.

416 1590 568 1658 Triennio
607 1599 702 1658 antea
740 1598 904 1678 repertum
942 1595 1073 1658 titulum
1105 1593 1227 1658 Romae
1264 1594 1451 1678 peregrinans

327 1696 419 1761 ‘vidit
443 1701 475 1762 et
498 1699 670 1783 descripsit
692 1700 837 1764 lvsrvs
862 1700 1023 1765 LlPslvs
1047 1724 1132 1765 anno
1156 1699 1292 1784 vam',
1319 1701 1451 1764 1110111-

326 1810 431 1870 terus
460 1806 558 1871 Inscr.
585 1830 615 1888 p.
641 1805 794 1871 0000111
825 1810 963 1871 testatur
990 1806 1096 1872 serbis
1129 1809 1166 1869 nt
1192 1811 1273 1890 puto
1303 1807 1451 1892 Lipsianis

326 1911 388 1976 Sed
411 1914 500 1995 prius
524 1936 619 1996 quam
642 1914 822 1997 publicavit
845 1915 1022 1998 integrum,
1046 1915 1155 1997 aliqua
1179 1937 1217 1979 ex
1239 1921 1335 2000 parte
1353 1920 1451 1979 tracta·

325 2020 373 2083 vit
395 2019 430 2084 in
452 2019 668 2104 Antiquarum
692 2021 868 2086 lectionum
895 2022 988 2086 libris
1012 2043 1096 2086 anno
1121 2039 1311 2088 molonxxv
1334 2023 1450 2108 primum

326 2126 428 2191 editis.
474 2126 524 2191 lbi
552 2129 636 2191 enim
665 2130 769 2212 capite
797 2130 837 2193 14
865 2129 939 2193 libri
964 2129 997 2193 ll
1027 2129 1065 2193 de
1094 2130 1243 2195 columna
1272 2133 1408 2196 rostrata-
1427 2126 1451 2190 1.

298 2232 426 2298 oDuilii
446 2235 496 2298 his
514 2235 714 2318 praemissis:
740 2235 895 2300 ‘ostendit
917 2236 1134 2320 fragmentum
1154 2237 1371 2321 antiquissimi
1389 2235 1450 2318 lapi·

325 2341 373 2403 dis
397 2340 430 2403 in
459 2340 530 2405 foro
555 2342 613 2405 lto.
636 2343 733 2425 eruti,
764 2365 859 2426 quem
887 2342 981 2407 huius
1013 2343 1115 2426 ipsius
1144 2345 1315 2408 columnae
1346 2347 1449 2428 partein

325 2471 395 2512 esse
419 2461 541 2512 omnes'
553 2448 756 2514 humanitate
775 2451 867 2514 tincti
889 2451 1036 2515 homines
1057 2451 1138 2515 mihi
1157 2450 1357 2528 assentient',
1379 2454 1450 2532 qual·

325 2555 502 2620 tuordecim
535 2555 576 2620 ab
610 2555 702 2620 initio
736 2579 885 2622 versuum
919 2557 1067 2622 ‘fractam
1096 2562 1128 2622 et
1155 2558 1303 2622 mutilam
1334 2557 1450 2639 scriptu·

324 2661 404 2726 ram'
433 2663 538 2746 ipsam
566 2664 733 2748 proponit,
766 2663 836 2729 ‘ita'
868 2670 904 2729 ut
935 2665 981 2729 ait
1009 2664 1092 2729 ‘cum
1121 2687 1197 2729 eiua
1224 2687 1403 2749 expressam
1424 2678 1447 2724 111

324 2792 388 2835 non
408 2770 481 2855 ipsa
499 2771 592 2836 Fides
612 2771 717 2855 possit
734 2772 880 2836 fidelius?
913 2772 983 2848 Quo
1003 2774 1063 2836 etsi
1084 2775 1156 2856 plus
1176 2773 1353 2837 affirmavit
1371 2791 1448 2855 quan

324 2877 498 2960 praestitit,
530 2881 639 2941 tamen
674 2877 735 2941 hoc
768 2879 857 2942 illine
894 2880 1109 2964 intellegitur,
1146 2901 1230 2944 anno
1262 2893 1448 2946 clolanxvm

322 2984 465 3048 nondum
489 2983 587 3048 fuisse
612 2986 646 3049 in
670 2985 843 3068 superstite
867 2987 977 3050 tabula
1001 3009 1055 3050 eas
1074 2986 1201 3050 litteras
1221 2985 1447 3066 litterarumque
1500 3048 1501 3056 ,

323 3094 430 3170 partes
460 3091 580 3154 recenti
609 3113 705 3154 manu
739 3091 893 3174 adiectas,
927 3092 1042 3174 quibus
1075 3091 1171 3156 hodie
1199 3115 1227 3154 v.
1252 3093 1291 3157 10
1319 3094 1447 3158 effectdu

323 3198 372 3257 est
400 3194 590 3274 OLOROM,
626 3221 651 3262 11.
679 3199 716 3261 11
747 3197 911 3262 NAVEIS
941 3197 1093 3280 OEPET,
1130 3200 1312 3282 similiaque
1343 3199 1447 3262 minore
1502 3251 1504 3276 ,

323 3301 446 3365 ambitu
470 3303 534 3367 alia
557 3306 588 3368 in
614 3306 727 3369 dextra
750 3309 852 3388 parte.
890 3303 975 3369 Nam
1000 3328 1071 3370 cunr
1095 3330 1114 3370 a
1137 3305 1247 3390 Lipsio
1271 3308 1366 3372 etiam
1388 3327 1446 3386 sup

322 3409 429 3491 plendi
455 3410 542 3473 tituli
565 3412 788 3476 tenuissimum
817 3412 978 3496 quoddam
1007 3413 1134 3477 initium
1162 3413 1309 3496 pauculis
1332 3409 1446 3476 adiectis

323 3516 440 3581 litteris
464 3517 585 3581 factum
610 3519 664 3596 sit,
699 3519 731 3582 in
761 3542 855 3583 versu
883 3522 991 3583 tamen
1021 3519 1188 3584 undecimo
1217 3519 1356 3584 servavit
1376 3518 1446 3580 laeu-

321 3647 409 3706 nam,
442 3623 481 3687 de
505 3648 532 3687 v.
557 3629 664 3688 autern
697 3627 736 3688 10
764 3628 798 3690 in
827 3628 1031 3691 insolitarum
1061 3629 1236 3692 formarum
1266 3623 1443 3710 quarundam

322 3732 511 3797 brevissima
535 3755 631 3816 quam
656 3733 792 3798 subiecit
819 3735 1086 3817 interpretatione
1115 3736 1159 3798 sic
1189 3734 1367 3818 suspicatur
1387 3735 1444 3792 tan·

319 3843 401 3904 tum:
432 3839 528 3924 ‘quod
558 3839 697 3903 fractum
725 3840 844 3924 legitur
875 3842 928 3904 011
949 3892 955 3904 .
975 3891 981 3906 .
1002 3893 1008 3905 .
1028 3892 1035 3905 .
1055 3841 1130 3924 OM,
1162 3847 1241 3925 puto
1271 3841 1365 3904 fnisse
1386 3833 1443 3899 OL-

320 3945 484 4028 LOROM,
513 3947 544 4010 id
573 3951 623 4010 est
650 3947 795 4012 illorum?
844 3948 890 4012 De
914 3949 987 4012 aliis
1016 3972 1111 4034 (pram
1143 3971 1207 4014 non
1231 3945 1402 4012 constiterit
1421 3939 1443 4002 ei

320 4051 378 4116 illo
409 4057 566 4136 tempore,
600 4055 678 4119 haec
707 4056 881 4120 ostendunt
908 4080 990 4141 quae
1018 4057 1056 4119 de
1085 4055 1331 4120 EXFOCIONT
1355 4049 1442 4116 addit:

321 4157 412 4221 ‘illud
436 4165 616 4224 monstrum
640 4162 729 4226 verbi
759 4163 835 4245 quid
861 4164 922 4226 sibi
946 4165 1038 4246 velit,
1069 4163 1187 4246 Apollo
1215 4161 1368 4247 rogandus
1389 4159 1441 4220 est:

322 4266 382 4330 nisi
408 4267 456 4329 cui
481 4267 587 4348 placet
615 4269 822 4333 eruditissimi
851 4269 896 4334 St.
920 4270 1027 4354 Pighii
1056 4270 1151 4334 amici
1181 4271 1245 4334 mei
1272 4267 1441 4333 coniectura.

320 4374 375 4457 qui
399 4374 529 4458 antique
552 4397 611 4458 pro
631 4377 792 4459 calirpiurrt
814 4378 971 4461 scripturn
995 4376 1180 4443 indicabat’
1213 4375 1372 4442 Nilrildnm
1393 4367 1440 4452 131·

322 4485 373 4547 tur
397 4481 694 4565 supplementorum
723 4485 763 4547 ab
792 4484 865 4548 aliis
889 4484 1147 4570 excogitatorum
1174 4483 1232 4548 illa
1260 4487 1357 4549 aetam
1380 4495 1439 4560 per·
