3008 5118
290 407 410 458 noeais
434 407 633 458 servamur
658 407 893 457 seroreservu.
1099 389 1164 456 299

45 559 115 636 sent,
143 553 254 638 quibus
280 573 347 618 non
377 551 555 638 perspectis
588 573 654 616 uon
686 555 863 636 potuerunt
895 571 972 617 eane
1002 549 1166 640 ‘eormind

47 661 177 746 pleraque
198 681 263 726 non
290 681 363 726 esse
385 658 526 742 pedestri
554 657 701 724 oratione
729 659 817 723 faeta
845 657 955 724 videri.
1001 657 1072 735 Quo
1102 657 1166 722 nisi

45 767 169 831 fallimur
202 767 279 831 illud
317 765 490 832 accedebat
522 765 607 851 quod
639 765 737 830 nimie
769 766 823 830 diu
861 765 953 830 nimii
991 785 1060 829 esse
1091 785 1165 830 con·

45 877 194 937 sueverunt
215 871 249 937 in
271 873 363 958 poesi
387 873 474 939 omni
502 895 522 938 a
545 871 651 938 latina
678 875 774 956 gente
798 872 1010 957 cognatisque
1041 871 1166 956 priscae

43 979 137 1043 ltaliae
158 980 272 1046 incolis
296 979 523 1047 abiudioauda:
547 1001 629 1064 qnos
650 977 778 1064 quidem
802 999 991 1064 persuasum
1009 977 1165 1044 habemus

42 1085 161 1150 naturali
184 1086 376 1154 iuvenilium
399 1087 591 1172 populorum
615 1085 756 1171 impdlsu
779 1085 944 1172 ipsiusque
964 1085 1166 1170 antiquitatis

41 1193 180 1256 communi
208 1193 378 1278 instinctu,
402 1193 497 1260 simul
526 1195 624 1278 amne
652 1213 751 1277 supra
779 1191 976 1258 cottidianae
999 1194 1166 1257 eonsuetu-

41 1299 108 1364 dinie
129 1299 331 1366 ieiunitatem
358 1299 458 1365 animi
487 1299 621 1365 affectus
650 1299 718 1364 sive
746 1299 892 1384 pavendo
916 1297 1055 1384 lugendo
1079 1317 1166 1362 exse-

41 1405 139 1470 crando
161 1407 229 1471 sive
253 1406 412 1490 sperando
435 1405 596 1492 precando
619 1406 815 1490 gratulando
840 1405 907 1471 eive
924 1403 1088 1471 hortando
1111 1403 1165 1468 ob·

40 1513 208 1598 stringendo
232 1511 406 1579 sanciendo
435 1513 635 1600 aliquantum
665 1519 864 1600 assurgeret,
893 1513 932 1579 ad
960 1532 1194 1577 numeroruma

40 1619 134 1684 nodos
164 1620 334 1706 vulgarem
365 1641 545 1684 sermonem
578 1619 730 1686 evexisse.
779 1617 850 1684 Hae
880 1619 980 1704 igitur
1012 1622 1045 1683 et
1071 1637 1167 1702 expe-

39 1725 126 1790 riundi
149 1731 181 1792 et
203 1725 422 1792 ratiocinandi
449 1726 504 1791 via
531 1726 617 1792 haud
641 1726 787 1810 paullum
811 1724 946 1791 fiduciae
968 1725 1058 1790 nacti
1080 1729 1168 1810 post·

41 1853 121 1915 quam
138 1853 203 1898 non
222 1832 373 1918 exiguam
388 1831 614 1916 Saturniorum
629 1855 768 1898 messem
788 1855 860 1898 cum
879 1831 1054 1896 eLivianie
1073 1831 1167 1896 libris

39 1941 94 2002 tum
115 1961 151 2004 er
174 1939 315 2004 aliorum
340 1940 534 2024 scriptorum
559 1939 723 2006 ‘earmina'
751 1938 1002 2005 memorantium
1029 1961 1067 2004 ac
1094 1961 1167 2022 pro·

39 2043 177 2126 dentium,
214 2045 377 2113 Macrobii
409 2047 629 2132 potissimum,
667 2045 864 2112 testimoniis
899 2044 1048 2130 belmas,
1080 2045 1167 2110 facili

39 2173 120 2235 opera
137 2154 236 2219 etiam
261 2153 305 2218 M.
320 2153 426 2219 Porcii
450 2152 584 2219 Catonis
607 2155 737 2238 librum,
760 2154 826 2237 ‘qua'
850 2154 1014 2236 iesse-rptaa
1037 2157 1080 2216 eat
1101 2173 1168 2216 oar·

38 2279 93 2322 nen
112 2261 147 2324 de
167 2258 319 2326 monbres’
342 2263 426 2326 teste
452 2259 557 2326 Gellio
579 2259 636 2346 lll,
654 2261 684 2345 2,
710 2259 751 2324 ad
773 2260 858 2326 idem
882 2281 984 2346 genus
1007 2259 1168 2344 pertinere

39 2365 246 2434 intelleximus.
285 2366 368 2444 Quid
392 2367 478 2432 enim
502 2366 593 2450 miri,
616 2367 644 2432 si
668 2365 832 2432 Saturniie
855 2365 1011 2448 versibus,
1034 2386 1169 2449 quorum

39 2493 115 2538 nsum
142 2475 221 2540 eatis
251 2477 381 2540 constat
411 2475 497 2539 ultra
525 2471 657 2540 Catonis
689 2477 839 2557 tempora
870 2473 1028 2560 viguisse,
1064 2471 1169 2557 magis

38 2600 118 2662 quam
140 2601 332 2664 perosorum
356 2581 419 2646 sibi
433 2579 663 2646 Graeculorum
687 2579 825 2646 artificio
848 2579 998 2646 laudator
1015 2579 1070 2644 ille
1089 2583 1169 2643 tem·

39 2687 112 2766 poris
134 2689 198 2753 aeti
221 2685 468 2752 delectabatur?
501 2685 572 2763 Qua
594 2691 703 2752 tamen
726 2685 959 2772 probabilitate
982 2686 1079 2772 longe
1104 2686 1169 2750 lon·

39 2811 125 2878 geque
147 2795 281 2882 gravior
303 2797 410 2858 certae
439 2794 489 2859 vis
513 2793 799 2860 demonstrationis
827 2795 898 2860 visa
921 2799 984 2877 est,
1012 2815 1107 2879 quam
1131 2814 1169 2857 ex

40 2897 124 2980 ipsius
147 2901 277 2988 legibus
301 2900 533 2986 grammaticae
556 2901 693 2984 petitam
715 2900 823 2984 nullis,
846 2900 874 2964 ei
898 2899 995 2965 modo
1017 2899 1170 2983 sapimus,

40 3027 174 3091 umquam
197 3007 340 3094 argutiis
364 3005 532 3092 infringes.
564 3004 649 3071 Nam
672 3011 709 3072 ut
732 3029 830 3072 unam
848 3005 1047 3072 ‘formulam'
1065 3009 1169 3070 metro

39 3131 93 3176 neu
118 3115 285 3180 astrictam
313 3135 436 3179 comen
468 3133 538 3178 esse
570 3111 692 3178 dietum
725 3111 962 3198 aliquantisper
992 3111 1170 3198 largiamur

40 3219 255 3305 potiusquam
280 3220 508 3302 concedamus,
537 3223 647 3284 tamen
675 3219 731 3304 qui
754 3219 869 3284 talium
893 3220 1073 3286 carminum
1095 3218 1126 3284 h.
1145 3241 1171 3284 e.

41 3327 257 3393 sententiarum
286 3325 338 3391 vel
360 3331 606 3412 praeceptorum
620 3311 624 3320 ⁸
637 3325 850 3412 singularium
873 3325 1114 3392 multitudinem
1137 3325 1171 3391 in

41 3453 123 3498 unum
145 3455 263 3518 corpus
286 3432 430 3498 vinctam
454 3433 533 3499 item
555 3452 692 3514 onrmera,
714 3455 780 3499 non
802 3435 958 3518 carmine,
980 3433 1170 3518 inscriptam

42 3557 99 3602 esse
112 3540 218 3606 auimo
233 3545 348 3606 nostro
361 3539 582 3624 informemus,
597 3561 709 3606 sanam
720 3541 880 3607 rationem
894 3563 959 3606 non
969 3541 1073 3627 magis
1088 3563 1171 3606 com-

42 3644 234 3730 miniscimur,
257 3668 355 3730 quam
375 3647 439 3732 qui,
461 3652 500 3712 ut
512 3648 668 3732 exemplis
684 3651 823 3732 utamur,
845 3647 979 3714 Publilii
999 3645 1075 3731 Syri
1095 3645 1171 3712 Sen-

42 3751 128 3820 tentia
151 3754 201 3820 vel
217 3754 329 3834 Γνώμη
349 3753 534 3838 Phocylidis
557 3754 609 3819 rel
627 3753 794 3820 Plutarchi
808 3754 1016 3836 Ἀπόφθεγμα
1038 3751 1171 3818 inscribi

43 3861 200 3938 potuerint.
231 3861 347 3946 Itaque
371 3861 425 3927 ubi
448 3859 487 3926 de
505 3865 655 3946 poemate
674 3861 718 3928 M.
732 3861 866 3928 Catonis
890 3881 991 3946 eoque
1011 3857 1172 3925 Saturniis

44 3965 174 4034 rersrbne
197 3967 329 4034 condito
352 3968 548 4034 sententiam
566 3973 713 4035 nostram
731 3989 797 4033 non
816 3967 1005 4034 labefactari
1025 3965 1172 4031 codicum

45 4090 108 4136 mss.
127 4075 323 4154 testimoniis
346 4074 565 4162 cognorimus,
589 4097 670 4161 quae
694 4079 827 4160 rogatus
851 4097 870 4138 a
894 4074 987 4139 nobis
1011 4045 1198 4137 Martinue⁹

46 4165 177 4245 Hertzius
199 4179 377 4246 liberaliter
400 4184 438 4246 ut
460 4181 545 4246 solet
567 4203 675 4246 mense
700 4179 840 4246 Octobre
863 4181 940 4246 anni
964 4195 1173 4246 crelocccnn

46 4282 77 4344 ad
98 4307 153 4351 noe
174 4289 429 4374 transmittebat,
455 4309 520 4354 non
549 4287 766 4354 dubitavimus
797 4287 938 4352 eiusdem
963 4285 1039 4352 anni
1062 4306 1173 4350 mense

48 4386 220 4475 Decembre,
247 4417 320 4462 cum
347 4395 382 4460 in
409 4395 610 4480 epitaphium
638 4393 681 4459 M.
706 4395 798 4460 Atilii
822 4393 964 4460 Calatini
992 4392 1172 4476 disputatio

48 4493 212 4586 incidisset,
235 4501 315 4568 haec
338 4503 477 4568 seribere
492 4501 597 4568 Musei
619 4501 732 4588 philol
756 4501 802 4566 IX
825 4524 856 4590 p.
876 4503 894 4566 7
911 4505 1024 4587 [supra
1037 4499 1173 4585 p.220]:
