3008 5118
277 379 397 430 Posses
420 379 619 428 sarvnruas
643 377 881 428 srrcrnaorvn.
1085 359 1151 426 305

50 526 222 614 llmdsfladn
246 524 342 610 quod
366 527 460 609 dpns
484 527 557 608 est,
579 559 601 570 -
625 521 689 588 sed
712 521 811 606 quod
834 524 893 588 c'st
915 523 1080 588 necesse.

50 631 121 713 [Hoc
137 633 271 714 se'mper
287 629 436 712 uileste]
451 629 550 715 qudd
563 631 775 713 non-dpus
789 631 860 712 est,
875 628 959 693 asse
974 630 1152 694 natumst

49 755 114 819 Idem
134 753 256 820 Catonis
280 759 488 840 praeceptum
507 753 717 821 Plutarchum
740 774 992 818 commemorare
1010 753 1046 816 in
1064 752 1152 817 illius

48 863 96 926 rita
111 883 169 946 cap.
183 861 202 925 4
217 864 295 926 extr.
318 861 383 926 iam
402 861 444 926 ab
463 861 579 928 Iahnio
599 861 787 926 adnotatum
808 865 871 926 est:
894 858 980 924 tuuc
999 861 1035 924 δὲ
1054 862 1153 940 μηδὲν

46 968 142 1032 εὔωνον
163 967 238 1032 εἶναι
265 971 331 1033 τῶν
355 971 521 1051 περιττῶν,
549 967 620 1033 ἀλλ’
643 967 682 1032 οὑ
705 987 752 1032 τι(
774 966 814 1032 οὐ
838 971 952 1046 δεῖται,
979 966 1038 1032 κᾶν
1061 966 1152 1032 dcto-

44 1074 95 1150 n'eu
115 1074 325 1158 recederemus,
348 1067 474 1140 nollet
486 1075 644 1170 νομίζειν.

566 1199 597 1264 9.

108 1304 153 1369 Ad
175 1304 323 1371 Gelliana
345 1305 532 1410 fragmenta
554 1305 773 1390 pervenimus,
805 1329 941 1391 quorum
965 1306 1045 1371 illud
1069 1307 1155 1393 qood

42 1415 78 1473 eet
96 1413 210 1477 ambitu
231 1413 410 1480 maximum
434 1413 474 1478 ad
498 1413 642 1478 eiusdem
666 1413 761 1478 metri
785 1413 873 1500 leges
894 1413 1028 1479 minima
1051 1419 1155 1480 muta-

40 1517 107 1583 tione
126 1525 290 1586 revocatur
312 1519 406 1608 (nne

109 1667 125 1692 υ
140 1661 156 1693 2
172 1667 191 1695 ν
207 1662 225 1695 a
244 1667 329 1710 nam
352 1645 436 1712 uita
458 1645 653 1712 hu-mdna
675 1647 794 1730 prope
817 1645 873 1710 uti
897 1644 1089 1710 fe‘rrumst.

105 1749 255 1816 Ferrum
279 1751 314 1817 s1'
335 1752 557 1836 exerce-as,
581 1753 800 1819 conteritur
821 1756 903 1817 usu:

106 1853 141 1920 Si
162 1861 236 1923 ndn
260 1859 454 1941 exerceas,
477 1859 631 1924 ta-mdn
654 1856 792 1944 robigo
816 1857 1018 1924 intdrimit.

104 1961 195 2028 Item
217 1963 394 2029 hdmines
418 1963 630 2028 exercendo
653 2001 675 2009 -
698 1962 853 2029 conteri
873 1962 1059 2029 uidemus:

103 2065 139 2131 Si
161 2067 216 2134 nr'l
241 2071 434 2153 exerceas,
457 2069 630 2134 in-drtia
654 2071 695 2135 ac
719 2069 882 2154 torpedo

102 2173 188 2238 Plus
212 2171 443 2242 detrimenti
463 2174 591 2241 fa-oe‘t
613 2197 725 2261 quam
748 2175 946 2242 exercitio.

32 2293 83 2360 lbi
103 2301 136 2363 nt
157 2301 243 2365 inter
265 2301 356 2366 orei
386 2301 527 2384 syllabas
555 2299 758 2366 intercidisse
785 2321 844 2366 νιενν
873 2300 1065 2366 vocabulum
1094 2321 1159 2366 cre·

32 2403 114 2488 datur,
136 2407 206 2490 ipsa
230 2407 281 2470 vis
310 2408 528 2492 oppositionis
558 2407 720 2493 requirere
750 2407 883 2472 videtur.
929 2407 992 2474 Pro
1016 2409 1162 2490 interficit

32 2511 222 2578 substitutum
246 2515 397 2578 interimit
424 2514 453 2578 si
482 2515 532 2580 cui
556 2515 771 2600 displicuerit,
799 2514 880 2579 illud
907 2537 1034 2580 servare
1057 2515 1161 2580 ascita

30 2637 42 2676 e
62 2622 156 2686 vetere
179 2619 347 2686 latinitate
371 2626 436 2686 tam
458 2621 566 2688 forma
588 2625 721 2710 poterit:

102 2742 137 2808 Si
160 2748 237 2811 non
262 2747 457 2830 exerceas,
480 2751 557 2812 tam
581 2745 807 2812 in-terfiest
828 2744 978 2830 robigo.

29 2870 124 2932 aeleri
145 2871 288 2936 eidormo
314 2891 373 2954 pro
395 2871 537 2937 uideram
563 2873 678 2938 conae-i
706 2871 804 2936 cnam
829 2870 1033 2935 Fleckeiseno
1057 2873 1161 2936 trans·
1176 2897 1200 2936 n

27 2975 194 3052 ponendum
221 2977 300 3042 fuit:
331 2977 451 3057 serrum
479 2977 582 3044 altero
610 3000 705 3044 versu
732 2979 929 3059 iterandum,
959 2978 1160 3062 paenultima

27 3084 101 3159 dele
126 3084 160 3147 in
187 3104 226 3149 oc
253 3083 443 3150 mutandum
472 3105 545 3150 oum
572 3083 737 3151 Bocckhio
768 3089 838 3150 tum
867 3083 1084 3150 Fleckeiseno.
1131 3084 1161 3148 Α

27 3185 125 3266 quibus
149 3191 177 3255 si
200 3191 269 3256 siue
282 3227 304 3236 -
317 3210 370 3255 seo
385 3190 572 3280 ,particulas
595 3191 716 3256 inlatas
740 3213 798 3276 pro
816 3193 845 3258 si
863 3192 931 3256 -ei
955 3191 1160 3276 asciscamm,

28 3301 181 3360 evanescat
205 3319 286 3362 sane
310 3297 338 3361 si
360 3319 425 3381 qua
447 3301 498 3362 est
519 3297 630 3362 hiatus
658 3299 693 3364 in
715 3299 745 3363 si
766 3318 905 3364 exerceas
928 3297 1077 3382 offensio,
1106 3297 1161 3362 sed

27 3397 112 3464 multo
131 3401 264 3486 gravior
283 3424 303 3467 a
321 3403 573 3468 constructionis
594 3403 767 3469 insolentia
785 3408 952 3469 nascatur:
976 3426 1052 3469 nam
1072 3404 1161 3488 illud,

27 3504 252 3590 quodquidam
276 3509 429 3594 sciamus,
457 3511 523 3576 siue
552 3531 667 3576 coerces
693 3531 748 3576 seu
769 3531 832 3575 non
855 3531 970 3575 exerces
991 3510 1161 3575 dicendum

25 3607 123 3676 fuerat.
151 3613 292 3680 Hiatum
309 3637 387 3680 num
407 3615 576 3680 admisisse
591 3615 749 3682 Catonem
765 3615 902 3700 credam,
921 3616 1047 3681 dubito:
1066 3638 1162 3701 quern

26 3715 121 3782 tamen
144 3721 299 3805 quantilli
327 3725 378 3786 est
404 3721 529 3788 inserta
556 3728 590 3787 ta
618 3722 746 3807 syllaba
774 3724 888 3788 tollere
911 3721 1047 3787 Ferru‘m
1073 3724 1104 3788 εί
1129 3728 1163 3787 ta

25 3823 169 3890 wreus?
201 3824 301 3891 Mitto
324 3848 409 3892 nuno
427 3833 536 3894 cetera
554 3829 616 3894 viri
635 3827 909 3914 praestantissimi
928 3827 1076 3912 artificia,
1094 3827 1163 3912 qui-

26 3923 74 3992 bus
101 3935 134 3996 et
161 3931 323 3997 orationis
353 3932 545 3999 concinnam
573 3933 815 4018 simplicitatem
848 3955 920 3998 meo
948 3954 1045 3998 sensu
1074 3933 1162 3999 haud

25 4036 121 4113 paullo
145 4037 354 4123 impeditiore
378 4039 620 4105 enuntiatorum
644 4039 900 4106 conformatione
921 4038 1107 4104 obscuravit
1129 4045 1163 4104 et

24 4137 306 4210 insolentissimam
325 4165 460 4211 mercena
478 4147 567 4212 vocis
587 4147 760 4232 synizesim
780 4168 895 4231 parum
914 4145 1052 4210 feliciter
1070 4167 1163 4210 excu-

25 4248 107 4312 savit.
134 4249 208 4316 Hoc
228 4273 327 4316 unum
345 4250 437 4336 addo,
451 4252 614 4339 integrum
633 4253 731 4319 etiam
750 4254 784 4318 in
802 4251 962 4337 principio
977 4249 1162 4320 saturnium

24 4352 151 4438 prodire,
174 4356 204 4420 si
229 4355 312 4420 forte
335 4355 389 4422 hic
411 4380 538 4444 quoquc
561 4360 663 4426 filium
686 4365 778 4445 pater
800 4359 1066 4446 compellaverat:

43 4473 131 4542 Nam
155 4479 240 4545 uita
261 4481 846 4567 humana,Mdroe-f1‘li,pr6pe
870 4484 925 4547 uti
950 4483 1141 4550 fe‘rrumst

71 4601 109 4636 ra
124 4603 278 4640 mannaan
296 4605 429 4641 orvsovu
447 4605 484 4642 ιν.
916 4591 950 4640 2⁰
