3008 5118
306 275 371 340 300
576 293 697 341 nouus
722 293 918 340 survsumn
942 293 1174 341 sercrnnsivn.

305 433 397 500 ‘iiber
420 435 477 500 das
501 435 641 500 Metrum
665 436 769 501 dieser
783 437 898 501 Worte
922 436 981 501 hat
1003 437 1073 502 sich
1096 436 1246 503 niemand
1268 443 1415 522 getmsert3
1473 447 1474 454 ³

306 542 369 606 und
393 543 475 608 doch
503 544 561 627 ist,
589 542 664 608 dass
693 544 740 608 sie
769 542 922 608 metrisch
953 543 1038 627 sind,
1071 543 1171 610 sehon
1199 543 1295 608 durch
1316 542 1415 609 Ciceros

305 649 421 715 Zusatz
449 651 493 714 im
523 649 605 715 Cato
634 673 675 714 m.
701 651 767 734 [17‚
791 651 847 730 61]
880 652 1053 716 bewiesen:
1092 657 1199 717 aotam
1230 658 1274 716 cst
1305 671 1416 716 curaer

303 757 435 821 enacim
467 758 502 821 ia
533 758 683 840 samaro,
722 756 850 822 freilich
882 778 986 842 gegen
1020 758 1071 822 die
1104 757 1337 842 gewdhnliche‚
1363 757 1418 821 aber

303 862 426 928 falsche
441 863 608 946 Meinung,
631 861 705 926 dass
724 883 846 927 corusca
865 863 947 928 auch
966 886 1028 929 von
1046 863 1287 929 unmetrischen
1299 864 1418 929 Forneln
1470 895 1471 932 3

304 977 420 1055 gesagt
443 968 567 1034 werde.'
615 969 703 1044 Quae
728 991 800 1034 cum
826 970 1028 1053 scripsimus,
1057 993 1122 1034 non
1152 993 1263 1035 sumus
1286 970 1327 1035 Μ.
1347 971 1419 1036 'lulli
1465 978 1470 1011 ³

277 1074 467 1142 ecioeronis
492 1077 603 1161 obliti,
631 1099 725 1160 quem
754 1081 884 1141 constat
910 1079 1061 1142 carminis
1090 1077 1282 1142 vocabulum
1304 1077 1335 1141 in
1355 1077 1420 1160 legs

303 1183 366 1248 XII
390 1184 575 1249 tabularum
600 1183 861 1248 accommodasse
880 1182 964 1247 libro
983 1183 1016 1247 Π
1039 1183 1078 1247 de
1097 1184 1224 1268 legibus
1249 1205 1274 1248 c.
1292 1185 1331 1248 23
1348 1187 1365 1264 ξ
1380 1183 1420 1246 ὀ9ῑ
1462 1250 1468 1287 Ι

304 1289 385 1353 ‘lam
410 1295 517 1355 cetera
539 1292 574 1355 in
593 1291 656 1355 XII
681 1290 846 1355 minuendi
870 1297 1018 1375 sumptus
1042 1295 1119 1356 sunt
1141 1291 1419 1374 lamentationisque
1461 1290 1468 1342 l

303 1396 461 1479 funebris,
490 1397 649 1462 translata
676 1397 715 1461 de
740 1397 869 1461 Solonis
893 1397 960 1462 lere
983 1398 1121 1482 legibus.
1170 1398 1225 1463 hoo
1242 1399 1317 1480 plus
1340 1397 1419 1480 inquil

302 1524 340 1567 ue
355 1503 466 1584 facito:
489 1525 598 1586 repam
617 1505 703 1568 asota
720 1525 759 1567 ac
771 1504 877 1585 polito.
906 1505 1011 1569 nostis
1031 1525 1111 1589 quae
1135 1508 1326 1588 sequuntur:
1346 1504 1420 1566 disee

302 1611 418 1676 bamus
443 1611 527 1674 enim
552 1611 643 1693 pueri
664 1609 725 1674 XII
748 1615 791 1674 ut
814 1632 965 1675 carmen
988 1611 1262 1694 necessarium,
1284 1631 1358 1695 quas
1374 1609 1420 1672 ian

302 1739 398 1782 nemo
431 1715 548 1782 discit?
596 1715 643 1780 De
671 1717 723 1780 his
752 1716 838 1780 enim
868 1718 975 1782 verbis
1005 1717 1066 1781 etsi
1096 1717 1129 1780 in
1162 1716 1306 1780 diversas
1336 1722 1421 1798 perles

303 1847 374 1888 cum
399 1825 517 1889 discedi
542 1828 651 1908 potest
676 1828 744 1888 tum
764 1824 940 1889 discessum
960 1829 1018 1903 est,
1041 1829 1151 1889 tamen
1174 1824 1237 1888 arti
1257 1821 1421 1887 conveniens

303 1931 530 2014 interpretatio
554 1933 608 1996 vix
633 1932 719 1996 aliud
742 1932 866 2015 patItur
889 1932 953 1997 nisi
978 1937 1014 1997 ut
1032 1954 1144 2015 reapse
1163 1931 1254 2016 leges
1271 1927 1332 1993 XII
1352 1925 1422 1989 labu-

303 2038 406 2102 larum
430 2038 507 2103 illae
531 2038 707 2123 aliquando
735 2038 835 2103 fuisse
864 2039 897 2102 in
926 2039 1019 2102 metri
1048 2038 1189 2103 formam
1212 2037 1353 2101 redactae
1373 2054 1421 2096 cre
1479 2045 1480 2082 3

304 2144 429 2209 dautur.
477 2145 565 2222 Quae
594 2168 645 2209 res
674 2167 770 2228 quam
799 2149 833 2209 et
861 2169 880 2209 a
908 2146 1062 2210 similium
1093 2144 1332 2229 comparatione
1359 2160 1422 2204 con·

302 2250 542 2316 mendationem
563 2257 595 2316 et
614 2253 856 2317 demonstrandi
878 2252 1090 2336 multiplicem
1105 2253 1288 2317 cautionem
1305 2248 1422 2322 haberet,

302 2355 517 2421 meminerunt
547 2362 639 2441 puto,
670 2359 724 2443 qui
752 2359 890 2442 publicis
920 2358 1040 2422 scholis
1072 2357 1195 2422 nostris
1223 2355 1422 2420 interfuerunt
1459 2413 1467 2439 1,

303 2462 428 2546 aliquot
453 2465 608 2548 exemplis
632 2466 679 2529 ita
706 2487 766 2530 nos
796 2468 982 2549 persecutos
1006 2487 1091 2548 esse,
1119 2468 1155 2528 ut
1177 2485 1280 2548 genus
1302 2480 1421 2526 nurnero·
1459 2474 1466 2509 ¹

301 2592 372 2633 rum
396 2593 437 2635 ne
459 2570 512 2635 hic
536 2571 665 2656 quidem
694 2571 782 2636 aliud
807 2575 902 2655 atque
927 2568 1113 2635 Saturnium
1143 2569 1244 2634 fuisse
1269 2566 1421 2634 ostendere

302 2700 382 2744 mus.
415 2676 516 2742 Velut
533 2679 641 2762 ipsum
660 2679 740 2744 illud
760 2676 926 2743 Ciceronis
950 2677 1131 2761 exemplum
1151 2676 1191 2740 ad
1210 2697 1283 2742 eam
1301 2691 1420 2739 normam

301 2784 365 2847 leni
389 2785 483 2848 unius
508 2786 640 2850 voculae
664 2785 919 2868 transpositione
943 2785 989 2848 sic
1012 2783 1146 2849 accedit:
1460 2800 1469 2925 p

390 2890 470 2955 Hoc
492 2892 580 2974 plus
603 2914 649 2956 ne
673 2892 812 2957 facito:
835 2893 881 2955 ne
904 2912 1037 2976 rogum
1060 2927 1082 2936 —
1106 2889 1212 2954 ascia
1235 2886 1367 2973 polr'to:

301 2997 364 3061 uisi
396 3019 442 3061 ne
475 2998 599 3062 assi-rt
629 3003 763 3084 rogum
796 2996 919 3082 poh'to
952 2997 1063 3062 males.
1115 2995 1317 3080 Quamquam
1346 2991 1421 3056 etiam

301 3105 434 3186 rogum
457 3127 501 3169 ne
520 3143 542 3150 —
563 3107 669 3170 siscia
692 3104 819 3190 polito
843 3106 943 3170 habet
958 3105 1012 3189 qui
1027 3103 1227 3168 defendatur.
1258 3095 1420 3166 Namonui

302 3211 508 3293 supersedere
532 3212 786 3295 transpositione
810 3213 857 3276 ita
877 3217 1005 3277 tantum
1025 3210 1154 3294 poteris,
1178 3213 1215 3274 ut
1232 3215 1353 3274 resecto
1368 3223 1421 3288 pro

301 3317 441 3401 nomine,
464 3319 549 3403 quod
573 3324 682 3384 tamen
707 3319 769 3404 ipsi
793 3318 941 3384 Ciceroni
965 3319 1107 3383 tribuere
1130 3316 1184 3381 vix
1208 3315 1321 3398 ausim,
1347 3311 1420 3392 scrip

301 3426 370 3488 tum
407 3424 507 3490 fnisse
545 3427 579 3490 in
612 3424 677 3490 XII
711 3425 802 3490 Plus
835 3428 881 3490 ne
913 3425 1048 3491 facito:
1081 3442 1215 3507 rogum
1249 3420 1365 3486 aeci-d
1388 3415 1420 3478 1207
1472 3407 1473 3412 ἵ

301 3527 427 3614 polito
456 3531 629 3596 existimes.

390 3637 479 3703 Haec
503 3645 611 3703 autem
632 3661 712 3723 quos
730 3639 872 3703 breviter
892 3637 1069 3722 significavi
1093 3637 1318 3702 meditationes
1335 3627 1419 3698 nescio

302 3766 364 3827 quo
390 3767 489 3828 usque
517 3745 550 3808 in
581 3746 707 3810 scriniis
736 3748 857 3811 uostris
885 3747 1073 3811 latitaturae
1101 3744 1237 3828 fuerint,
1266 3743 1326 3808 nisi
1347 3735 1418 3804 huius
1479 3775 1480 3780 κ

300 3849 404 3932 ipsius
428 3852 503 3914 anni
527 3852 663 3916 decursu
687 3852 804 3935 triplex
829 3852 1017 3934 admonitio,
1043 3855 1080 3915 ut
1107 3850 1239 3915 illarum
1267 3841 1417 3914 recordatio
1479 3833 1480 3898 l

270 3935 590 4040 *redintegraretuu
622 3959 788 4022 effecisset.
844 3957 930 4022 Nam
963 3978 1091 4022 carmen
1124 3955 1162 4020 de
1192 3956 1331 4022 moribus
1354 3944 1417 4056 illud
1477 3948 1480 4092 Ι

301 4062 435 4126 Catonis
467 4064 607 4146 primum
642 4064 769 4147 quidem
799 4064 835 4128 Ε.
864 4063 1106 4129 Ilaercherus
1139 4062 1266 4128 exstitit
1296 4059 1344 4144 qui
1365 4074 1415 4117 uon
1478 4115 1479 4118 ,

302 4170 418 4251 soluta,
442 4171 497 4234 sed
522 4172 631 4235 vincta
653 4173 798 4236 oratioue
823 4172 979 4255 scriptum
1002 4193 1073 4235 esse
1096 4169 1316 4254 pronuntiaret
1330 4161 1414 4228 Philo
1477 4119 1480 4250 l

301 4275 368 4360 logi
394 4277 454 4341 vol.
469 4277 549 4341 VIII
573 4302 602 4360 p.
623 4279 684 4341 727
707 4301 788 4362 sqq.,
816 4283 901 4342 recte
926 4279 982 4344 ille
1005 4299 1127 4343 calama
1150 4299 1244 4361 posse
1266 4265 1414 4338 muldtudi·
1478 4295 1480 4418 p

300 4403 375 4445 nem
399 4383 631 4447 sententiarum
656 4384 716 4448 dici
741 4405 871 4469 negans,
895 4384 1077 4449 trochaicus
1101 4387 1210 4449 autem
1231 4380 1415 4450 tetranepos,

1479 5027 1480 5040 l

1348 5043 1480 5088 ...q-..ul
