<?xml version="1.0" encoding="UTF-8"?>
<!DOCTYPE html PUBLIC "-//W3C//DTD XHTML 1.0 Transitional//EN"
    "http://www.w3.org/TR/xhtml1/DTD/xhtml1-transitional.dtd">
<html xmlns="http://www.w3.org/1999/xhtml" xml:lang="en" lang="en">
 <head>
  <title>
</title>
<meta http-equiv="Content-Type" content="text/html;charset=utf-8" />
  <meta name='ocr-system' content='tesseract 3.04.00' />
  <meta name='ocr-capabilities' content='ocr_page ocr_carea ocr_par ocr_line ocrx_word'/>
</head>
<body>
  <div class='ocr_page' id='page_1' title='image "./fridericiritsch03ritsgoog_0172.png"; bbox 0 0 3040 5122; ppageno 0'>
   <div class='ocr_carea' id='block_1_1' title="bbox 424 385 1195 450">
    <p class='ocr_par' dir='ltr' id='par_1_1' title="bbox 424 385 1195 450">
     <span class='ocr_line' id='line_1_1' title="bbox 424 385 1195 450; baseline -0.003 0"><span class='ocrx_word' id='word_1_1' title='bbox 424 402 628 450; x_wconf 80' lang='lat' dir='ltr'><strong>arrounuun</strong></span> <span class='ocrx_word' id='word_1_2' title='bbox 654 401 828 450; x_wconf 81' lang='lat' dir='ltr'><strong>sounnvn.</strong></span> <span class='ocrx_word' id='word_1_3' title='bbox 1134 385 1195 450; x_wconf 86' lang='grc'><strong>139</strong></span> 
     </span>
    </p>
   </div>
   <div class='ocr_carea' id='block_1_2' title="bbox 63 543 1204 4165">
    <p class='ocr_par' dir='ltr' id='par_1_2' title="bbox 70 543 1198 1382">
     <span class='ocr_line' id='line_1_2' title="bbox 73 543 1196 630; baseline 0 -20"><span class='ocrx_word' id='word_1_4' title='bbox 73 547 211 628; x_wconf 74' lang='lat' dir='ltr'><strong>affimat:</strong></span> <span class='ocrx_word' id='word_1_5' title='bbox 233 545 281 610; x_wconf 90' lang='lat' dir='ltr'><strong>ita</strong></span> <span class='ocrx_word' id='word_1_6' title='bbox 304 545 433 630; x_wconf 90' lang='lat' dir='ltr'><strong>quidem</strong></span> <span class='ocrx_word' id='word_1_7' title='bbox 456 567 593 612; x_wconf 80' lang='lat' dir='ltr'><strong>novasse</strong></span> <span class='ocrx_word' id='word_1_8' title='bbox 608 543 729 611; x_wconf 87' lang='lat' dir='ltr'><strong>Caesar</strong></span> <span class='ocrx_word' id='word_1_9' title='bbox 751 545 789 610; x_wconf 94' lang='lat' dir='ltr'><strong>de</strong></span> <span class='ocrx_word' id='word_1_10' title='bbox 813 569 871 612; x_wconf 91' lang='lat' dir='ltr'><strong>suo</strong></span> <span class='ocrx_word' id='word_1_11' title='bbox 895 545 1072 612; x_wconf 89' lang='lat' dir='ltr'><strong>credendus</strong></span> <span class='ocrx_word' id='word_1_12' title='bbox 1095 547 1139 612; x_wconf 93' lang='lat' dir='ltr'><strong>sit</strong></span> <span class='ocrx_word' id='word_1_13' title='bbox 1163 546 1196 610; x_wconf 91' lang='lat' dir='ltr'><strong>iu</strong></span> 
     </span>
     <span class='ocr_line' id='line_1_3' title="bbox 73 651 1196 738; baseline 0.002 -20"><span class='ocrx_word' id='word_1_14' title='bbox 73 651 223 738; x_wconf 78' lang='lat' dir='ltr'><strong>singulari,</strong></span> <span class='ocrx_word' id='word_1_15' title='bbox 245 652 331 736; x_wconf 91' lang='lat' dir='ltr'><strong>quod</strong></span> <span class='ocrx_word' id='word_1_16' title='bbox 351 653 506 718; x_wconf 87' lang='lat' dir='ltr'><strong>usitatum</strong></span> <span class='ocrx_word' id='word_1_17' title='bbox 526 653 593 719; x_wconf 92' lang='lat' dir='ltr'><strong>ullo</strong></span> <span class='ocrx_word' id='word_1_18' title='bbox 609 657 754 738; x_wconf 91' lang='lat' dir='ltr'><strong>tempore</strong></span> <span class='ocrx_word' id='word_1_19' title='bbox 769 653 869 718; x_wconf 84' lang='lat' dir='ltr'><strong>luisse</strong></span> <span class='ocrx_word' id='word_1_20' title='bbox 883 653 1080 738; x_wconf 78' lang='lat' dir='ltr'>ignoremus.</span> <span class='ocrx_word' id='word_1_21' title='bbox 1112 651 1196 720; x_wconf 87' lang='lat' dir='ltr'><strong>Nam</strong></span> 
     </span>
     <span class='ocr_line' id='line_1_4' title="bbox 72 757 1197 856; baseline 0.004 -33"><span class='ocrx_word' id='word_1_22' title='bbox 72 759 141 844; x_wconf 91' lang='lat' dir='ltr'><strong>quod</strong></span> <span class='ocrx_word' id='word_1_23' title='bbox 164 759 337 856; x_wconf 74' lang='lat' dir='ltr'><strong>secpudum</strong></span> <span class='ocrx_word' id='word_1_24' title='bbox 361 759 502 826; x_wconf 81' lang='lat' dir='ltr'><strong>codicem</strong></span> <span class='ocrx_word' id='word_1_25' title='bbox 525 757 665 826; x_wconf 81' lang='lat' dir='ltr'><strong>Charisii</strong></span> <span class='ocrx_word' id='word_1_26' title='bbox 693 782 759 826; x_wconf 92' lang='lat' dir='ltr'><strong>non</strong></span> <span class='ocrx_word' id='word_1_27' title='bbox 788 759 910 826; x_wconf 88' lang='lat' dir='ltr'><strong>babent</strong></span> <span class='ocrx_word' id='word_1_28' title='bbox 934 783 1011 826; x_wconf 88' lang='lat' dir='ltr'><strong>sane</strong></span> <span class='ocrx_word' id='word_1_29' title='bbox 1039 763 1101 826; x_wconf 68' lang='lat' dir='ltr'><strong>ranei</strong></span> <span class='ocrx_word' id='word_1_30' title='bbox 1122 763 1197 844; x_wconf 85' lang='lat' dir='ltr'><strong>quio</strong></span> 
     </span>
     <span class='ocr_line' id='line_1_5' title="bbox 72 865 1197 952; baseline 0.005 -24"><span class='ocrx_word' id='word_1_31' title='bbox 72 865 165 950; x_wconf 81' lang='lat' dir='ltr'><strong>rerba,</strong></span> <span class='ocrx_word' id='word_1_32' title='bbox 191 865 269 932; x_wconf 81' lang='lat' dir='ltr'><strong>be.</strong></span> <span class='ocrx_word' id='word_1_33' title='bbox 291 869 355 932; x_wconf 84' lang='lat' dir='ltr'><strong>niei</strong></span> <span class='ocrx_word' id='word_1_34' title='bbox 376 869 469 952; x_wconf 81' lang='lat' dir='ltr'><strong>quod,</strong></span> <span class='ocrx_word' id='word_1_35' title='bbox 496 890 560 952; x_wconf 90' lang='lat' dir='ltr'><strong>quo</strong></span> <span class='ocrx_word' id='word_1_36' title='bbox 584 868 663 932; x_wconf 89' lang='lat' dir='ltr'><strong>satis</strong></span> <span class='ocrx_word' id='word_1_37' title='bbox 687 873 774 932; x_wconf 90' lang='lat' dir='ltr'><strong>recte</strong></span> <span class='ocrx_word' id='word_1_38' title='bbox 797 866 909 932; x_wconf 82' lang='lat' dir='ltr'><strong>referri</strong></span> <span class='ocrx_word' id='word_1_39' title='bbox 933 869 1034 934; x_wconf 89' lang='lat' dir='ltr'><strong>dicas:</strong></span> <span class='ocrx_word' id='word_1_40' title='bbox 1068 869 1197 934; x_wconf 87' lang='lat' dir='ltr'><strong>interci-</strong></span> 
     </span>
     <span class='ocr_line' id='line_1_6' title="bbox 71 973 1197 1062; baseline 0.004 -26"><span class='ocrx_word' id='word_1_41' title='bbox 71 974 140 1038; x_wconf 88' lang='lat' dir='ltr'><strong>disse</strong></span> <span class='ocrx_word' id='word_1_42' title='bbox 161 973 270 1058; x_wconf 88' lang='lat' dir='ltr'><strong>potius</strong></span> <span class='ocrx_word' id='word_1_43' title='bbox 295 974 418 1062; x_wconf 88' lang='lat' dir='ltr'><strong>aliquid</strong></span> <span class='ocrx_word' id='word_1_44' title='bbox 436 974 604 1060; x_wconf 80' lang='lat' dir='ltr'><strong>probabile</strong></span> <span class='ocrx_word' id='word_1_45' title='bbox 624 978 686 1060; x_wconf 87' lang='lat' dir='ltr'><strong>est,</strong></span> <span class='ocrx_word' id='word_1_46' title='bbox 709 997 772 1060; x_wconf 92' lang='lat' dir='ltr'><strong>quo</strong></span> <span class='ocrx_word' id='word_1_47' title='bbox 786 997 851 1040; x_wconf 88' lang='lat' dir='ltr'><strong>noa</strong></span> <span class='ocrx_word' id='word_1_48' title='bbox 865 975 927 1042; x_wconf 91' lang='lat' dir='ltr'><strong>hoo</strong></span> <span class='ocrx_word' id='word_1_49' title='bbox 942 979 1079 1058; x_wconf 90' lang='lat' dir='ltr'><strong>tantum,</strong></span> <span class='ocrx_word' id='word_1_50' title='bbox 1101 975 1197 1060; x_wconf 89' lang='lat' dir='ltr'><strong>quale</strong></span> 
     </span>
     <span class='ocr_line' id='line_1_7' title="bbox 70 1080 1197 1168; baseline 0 -22"><span class='ocrx_word' id='word_1_51' title='bbox 70 1080 269 1165; x_wconf 88' lang='lat' dir='ltr'><strong>compositum</strong></span> <span class='ocrx_word' id='word_1_52' title='bbox 294 1081 427 1148; x_wconf 72' lang='lat' dir='ltr'><strong>unone</strong></span> <span class='ocrx_word' id='word_1_53' title='bbox 445 1081 575 1164; x_wconf 86' lang='lat' dir='ltr'><strong>faceret,</strong></span> <span class='ocrx_word' id='word_1_54' title='bbox 600 1081 780 1168; x_wconf 89' lang='lat' dir='ltr'><strong>sedetiam,</strong></span> <span class='ocrx_word' id='word_1_55' title='bbox 804 1083 897 1168; x_wconf 86' lang='lat' dir='ltr'><strong>quale</strong></span> <span class='ocrx_word' id='word_1_56' title='bbox 920 1083 933 1146; x_wconf 84' lang='lat' dir='ltr'><strong>i</strong></span> <span class='ocrx_word' id='word_1_57' title='bbox 956 1081 1011 1168; x_wconf 88' lang='lat' dir='ltr'><strong>(ei,</strong></span> <span class='ocrx_word' id='word_1_58' title='bbox 1036 1081 1077 1168; x_wconf 85' lang='lat' dir='ltr'><strong>ii)</strong></span> <span class='ocrx_word' id='word_1_59' title='bbox 1101 1081 1197 1148; x_wconf 85' lang='lat' dir='ltr'><strong>homi·</strong></span> 
     </span>
     <span class='ocr_line' id='line_1_8' title="bbox 70 1187 1198 1275; baseline 0.003 -24"><span class='ocrx_word' id='word_1_60' title='bbox 70 1209 117 1270; x_wconf 81' lang='lat' dir='ltr'><strong>uce,</strong></span> <span class='ocrx_word' id='word_1_61' title='bbox 137 1187 305 1274; x_wconf 78' lang='lat' dir='ltr'><strong>diceretur,</strong></span> <span class='ocrx_word' id='word_1_62' title='bbox 328 1189 396 1254; x_wconf 82' lang='lat' dir='ltr'><strong>aive</strong></span> <span class='ocrx_word' id='word_1_63' title='bbox 420 1187 452 1254; x_wconf 94' lang='lat' dir='ltr'><strong>id</strong></span> <span class='ocrx_word' id='word_1_64' title='bbox 477 1191 555 1254; x_wconf 82' lang='lat' dir='ltr'><strong>idern</strong></span> <span class='ocrx_word' id='word_1_65' title='bbox 574 1189 613 1254; x_wconf 92' lang='lat' dir='ltr'><strong>de</strong></span> <span class='ocrx_word' id='word_1_66' title='bbox 632 1189 837 1275; x_wconf 83' lang='lat' dir='ltr'><strong>grammatici</strong></span> <span class='ocrx_word' id='word_1_67' title='bbox 856 1189 1018 1256; x_wconf 88' lang='lat' dir='ltr'><strong>sententia</strong></span> <span class='ocrx_word' id='word_1_68' title='bbox 1038 1190 1116 1256; x_wconf 90' lang='lat' dir='ltr'><strong>item</strong></span> <span class='ocrx_word' id='word_1_69' title='bbox 1135 1189 1198 1254; x_wconf 82' lang='lat' dir='ltr'><strong>fnit</strong></span> 
     </span>
     <span class='ocr_line' id='line_1_9' title="bbox 70 1295 491 1382; baseline 0.007 -24"><span class='ocrx_word' id='word_1_70' title='bbox 70 1297 124 1360; x_wconf 82' lang='lat' dir='ltr'><strong>sire</strong></span> <span class='ocrx_word' id='word_1_71' title='bbox 144 1297 235 1361; x_wconf 85' lang='lat' dir='ltr'><strong>cidem</strong></span> <span class='ocrx_word' id='word_1_72' title='bbox 260 1295 329 1360; x_wconf 84' lang='lat' dir='ltr'><strong>sire</strong></span> <span class='ocrx_word' id='word_1_73' title='bbox 352 1295 491 1382; x_wconf 78' lang='lat' dir='ltr'><strong>iidem.*)</strong></span> 
     </span>
    </p>

    <p class='ocr_par' dir='ltr' id='par_1_3' title="bbox 63 1401 1204 4165">
     <span class='ocr_line' id='line_1_10' title="bbox 142 1401 1197 1490; baseline 0.002 -22"><span class='ocrx_word' id='word_1_74' title='bbox 142 1402 200 1468; x_wconf 88' lang='lat' dir='ltr'><strong>His</strong></span> <span class='ocrx_word' id='word_1_75' title='bbox 231 1409 342 1468; x_wconf 87' lang='lat' dir='ltr'><strong>autem</strong></span> <span class='ocrx_word' id='word_1_76' title='bbox 371 1403 419 1468; x_wconf 91' lang='lat' dir='ltr'><strong>ita</strong></span> <span class='ocrx_word' id='word_1_77' title='bbox 446 1404 494 1470; x_wconf 91' lang='lat' dir='ltr'><strong>uti</strong></span> <span class='ocrx_word' id='word_1_78' title='bbox 522 1401 657 1470; x_wconf 78' lang='lat' dir='ltr'><strong>fecimus</strong></span> <span class='ocrx_word' id='word_1_79' title='bbox 685 1403 861 1489; x_wconf 85' lang='lat' dir='ltr'><strong>exploratis</strong></span> <span class='ocrx_word' id='word_1_80' title='bbox 894 1405 959 1470; x_wconf 90' lang='lat' dir='ltr'><strong>iam</strong></span> <span class='ocrx_word' id='word_1_81' title='bbox 978 1409 1054 1472; x_wconf 89' lang='lat' dir='ltr'><strong>&#39;non</strong></span> <span class='ocrx_word' id='word_1_82' title='bbox 1081 1427 1197 1490; x_wconf 78' lang='lat' dir='ltr'><strong>anceps</strong></span> 
     </span>
     <span class='ocr_line' id='line_1_11' title="bbox 69 1509 1198 1596; baseline 0.004 -23"><span class='ocrx_word' id='word_1_83' title='bbox 69 1533 125 1574; x_wconf 86' lang='lat' dir='ltr'><strong>esse</strong></span> <span class='ocrx_word' id='word_1_84' title='bbox 150 1511 187 1576; x_wconf 90' lang='lat' dir='ltr'><strong>de</strong></span> <span class='ocrx_word' id='word_1_85' title='bbox 214 1509 366 1577; x_wconf 89' lang='lat' dir='ltr'><strong>Bentleio</strong></span> <span class='ocrx_word' id='word_1_86' title='bbox 393 1511 545 1576; x_wconf 91' lang='lat' dir='ltr'><strong>iudicium</strong></span> <span class='ocrx_word' id='word_1_87' title='bbox 573 1515 696 1596; x_wconf 88' lang='lat' dir='ltr'><strong>potest,</strong></span> <span class='ocrx_word' id='word_1_88' title='bbox 729 1512 806 1596; x_wconf 88' lang='lat' dir='ltr'><strong>quin</strong></span> <span class='ocrx_word' id='word_1_89' title='bbox 839 1511 895 1577; x_wconf 92' lang='lat' dir='ltr'><strong>ille</strong></span> <span class='ocrx_word' id='word_1_90' title='bbox 923 1511 957 1576; x_wconf 89' lang='lat' dir='ltr'><strong>in</strong></span> <span class='ocrx_word' id='word_1_91' title='bbox 984 1511 1132 1578; x_wconf 82' lang='lat' dir='ltr'><strong>Eunuchi</strong></span> <span class='ocrx_word' id='word_1_92' title='bbox 1156 1513 1198 1596; x_wconf 90' lang='lat' dir='ltr'><strong>ll,</strong></span> 
     </span>
     <span class='ocr_line' id='line_1_12' title="bbox 68 1617 1197 1702; baseline 0.003 -21"><span class='ocrx_word' id='word_1_93' title='bbox 68 1619 91 1698; x_wconf 80' lang='grc'><strong>2,</strong></span> <span class='ocrx_word' id='word_1_94' title='bbox 106 1617 143 1682; x_wconf 88' lang='grc'><strong>38</strong></span> <span class='ocrx_word' id='word_1_95' title='bbox 165 1621 296 1702; x_wconf 86' lang='lat' dir='ltr'><strong>praeter</strong></span> <span class='ocrx_word' id='word_1_96' title='bbox 318 1619 477 1684; x_wconf 89' lang='lat' dir='ltr'><strong>rationem</strong></span> <span class='ocrx_word' id='word_1_97' title='bbox 491 1617 650 1684; x_wconf 83' lang='lat' dir='ltr'><strong>Prisciani</strong></span> <span class='ocrx_word' id='word_1_98' title='bbox 669 1617 732 1683; x_wconf 84' lang='lat' dir='ltr'><strong>llll</strong></span> <span class='ocrx_word' id='word_1_99' title='bbox 755 1641 786 1702; x_wconf 91' lang='lat' dir='ltr'><strong>p.</strong></span> <span class='ocrx_word' id='word_1_100' title='bbox 801 1619 865 1684; x_wconf 80' lang='lat'><strong>948</strong></span> <span class='ocrx_word' id='word_1_101' title='bbox 890 1618 950 1684; x_wconf 91' lang='lat' dir='ltr'><strong>hoc</strong></span> <span class='ocrx_word' id='word_1_102' title='bbox 975 1619 1197 1684; x_wconf 89' lang='lat' dir='ltr'><strong>testimoninm</strong></span> 
     </span>
     <span class='ocr_line' id='line_1_13' title="bbox 68 1725 1200 1810; baseline 0.002 -22"><span class='ocrx_word' id='word_1_103' title='bbox 68 1725 209 1791; x_wconf 77' lang='lat' dir='ltr'><strong>reieceritr</strong></span> <span class='ocrx_word' id='word_1_104' title='bbox 231 1727 439 1790; x_wconf 83' lang='lat' dir='ltr'><strong>inueniuntur</strong></span> <span class='ocrx_word' id='word_1_105' title='bbox 453 1729 555 1790; x_wconf 75' lang='lat' dir='ltr'><strong>humen</strong></span> <span class='ocrx_word' id='word_1_106' title='bbox 573 1727 667 1790; x_wconf 83' lang='lat' dir='ltr'><strong>etium</strong></span> <span class='ocrx_word' id='word_1_107' title='bbox 680 1727 910 1790; x_wconf 80' lang='lat' dir='ltr'><strong>norrrinotiuum</strong></span> <span class='ocrx_word' id='word_1_108' title='bbox 923 1727 1079 1810; x_wconf 82' lang='lat' dir='ltr'><strong>pluralem</strong></span> <span class='ocrx_word' id='word_1_109' title='bbox 1101 1725 1200 1790; x_wconf 83' lang='lat' dir='ltr'><strong>hisee</strong></span> 
     </span>
     <span class='ocr_line' id='line_1_14' title="bbox 63 1831 1198 1916; baseline 0.005 -24"><span class='ocrx_word' id='word_1_110' title='bbox 63 1832 233 1912; x_wconf 68' lang='lat' dir='ltr'><strong>proferentes</strong></span> <span class='ocrx_word' id='word_1_111' title='bbox 260 1833 400 1916; x_wconf 61' lang='lat' dir='ltr'><strong>ammiti,</strong></span> <span class='ocrx_word' id='word_1_112' title='bbox 427 1837 462 1897; x_wconf 86' lang='lat' dir='ltr'><strong>ut</strong></span> <span class='ocrx_word' id='word_1_113' title='bbox 485 1831 645 1898; x_wconf 76' lang='lat' dir='ltr'><strong>Terentius</strong></span> <span class='ocrx_word' id='word_1_114' title='bbox 673 1832 705 1896; x_wconf 82' lang='lat' dir='ltr'><strong>in</strong></span> <span class='ocrx_word' id='word_1_115' title='bbox 727 1833 880 1900; x_wconf 80' lang='lat' dir='ltr'><strong>Eunucho</strong></span> <span class='ocrx_word' id='word_1_116' title='bbox 908 1833 1005 1899; x_wconf 81' lang='lat' dir='ltr'><strong>lciace</strong></span> <span class='ocrx_word' id='word_1_117' title='bbox 1031 1833 1094 1898; x_wconf 91' lang='lat' dir='ltr'><strong>hoc</strong></span> <span class='ocrx_word' id='word_1_118' title='bbox 1123 1854 1198 1898; x_wconf 85' lang='lat' dir='ltr'><strong>mu·</strong></span> 
     </span>
     <span class='ocr_line' id='line_1_15' title="bbox 67 1937 1198 2026; baseline 0.004 -27"><span class='ocrx_word' id='word_1_119' title='bbox 67 1959 137 2002; x_wconf 88' lang='lat' dir='ltr'><strong>uere</strong></span> <span class='ocrx_word' id='word_1_120' title='bbox 161 1940 404 2006; x_wconf 83' lang='lat' dir='ltr'><strong>arbitrantur</strong></span> <span class='ocrx_word' id='word_1_121' title='bbox 434 1960 539 2006; x_wconf 85' lang='lat' dir='ltr'><strong>suoru</strong></span> <span class='ocrx_word' id='word_1_122' title='bbox 569 1937 743 2004; x_wconf 78' lang='lat' dir='ltr'><strong>Thaidem</strong></span> <span class='ocrx_word' id='word_1_123' title='bbox 774 1961 865 2006; x_wconf 81' lang='lat' dir='ltr'><strong>esse:</strong></span> <span class='ocrx_word' id='word_1_124' title='bbox 897 1963 979 2026; x_wconf 86' lang='lat' dir='ltr'><strong>quae</strong></span> <span class='ocrx_word' id='word_1_125' title='bbox 1006 1941 1105 2006; x_wconf 83' lang='lat' dir='ltr'><strong>rerba</strong></span> <span class='ocrx_word' id='word_1_126' title='bbox 1132 1944 1198 2005; x_wconf 90' lang='lat' dir='ltr'><strong>tor-</strong></span> 
     </span>
     <span class='ocr_line' id='line_1_16' title="bbox 68 2044 1199 2132; baseline 0.004 -24"><span class='ocrx_word' id='word_1_127' title='bbox 68 2045 137 2127; x_wconf 89' lang='lat' dir='ltr'><strong>piter</strong></span> <span class='ocrx_word' id='word_1_128' title='bbox 156 2069 289 2129; x_wconf 85' lang='lat' dir='ltr'><strong>pessum</strong></span> <span class='ocrx_word' id='word_1_129' title='bbox 314 2045 402 2112; x_wconf 90' lang='lat' dir='ltr'><strong>dedit</strong></span> <span class='ocrx_word' id='word_1_130' title='bbox 424 2046 598 2132; x_wconf 81' lang='lat' dir='ltr'><strong>theologus</strong></span> <span class='ocrx_word' id='word_1_131' title='bbox 621 2044 800 2130; x_wconf 88' lang='lat' dir='ltr'><strong>Lipsiensis</strong></span> <span class='ocrx_word' id='word_1_132' title='bbox 824 2049 846 2112; x_wconf 91' lang='lat' dir='ltr'><strong>t.</strong></span> <span class='ocrx_word' id='word_1_133' title='bbox 864 2045 879 2110; x_wconf 93' lang='lat' dir='ltr'><strong>l</strong></span> <span class='ocrx_word' id='word_1_134' title='bbox 904 2069 934 2132; x_wconf 93' lang='lat' dir='ltr'><strong>p.</strong></span> <span class='ocrx_word' id='word_1_135' title='bbox 953 2047 1026 2112; x_wconf 75' lang='lat'><strong>554.</strong></span> <span class='ocrx_word' id='word_1_136' title='bbox 1066 2046 1111 2111; x_wconf 90' lang='lat' dir='ltr'><strong>Vt</strong></span> <span class='ocrx_word' id='word_1_137' title='bbox 1133 2067 1199 2112; x_wconf 92' lang='lat' dir='ltr'><strong>non</strong></span> 
     </span>
     <span class='ocr_line' id='line_1_17' title="bbox 68 2151 1199 2238; baseline 0.003 -24"><span class='ocrx_word' id='word_1_138' title='bbox 68 2155 178 2218; x_wconf 89' lang='lat' dir='ltr'><strong>tautum</strong></span> <span class='ocrx_word' id='word_1_139' title='bbox 204 2154 263 2220; x_wconf 93' lang='lat' dir='ltr'><strong>ubi</strong></span> <span class='ocrx_word' id='word_1_140' title='bbox 293 2153 369 2218; x_wconf 92' lang='lat' dir='ltr'><strong>libri</strong></span> <span class='ocrx_word' id='word_1_141' title='bbox 400 2157 581 2236; x_wconf 81' lang='lat' dir='ltr'><strong>serramnt,</strong></span> <span class='ocrx_word' id='word_1_142' title='bbox 614 2151 670 2217; x_wconf 90' lang='lat' dir='ltr'><strong>sed</strong></span> <span class='ocrx_word' id='word_1_143' title='bbox 703 2153 801 2218; x_wconf 89' lang='lat' dir='ltr'><strong>etiam</strong></span> <span class='ocrx_word' id='word_1_144' title='bbox 835 2153 1027 2238; x_wconf 85' lang='lat' dir='ltr'><strong>quibusdam</strong></span> <span class='ocrx_word' id='word_1_145' title='bbox 1060 2153 1132 2219; x_wconf 90' lang='lat' dir='ltr'><strong>aliis</strong></span> <span class='ocrx_word' id='word_1_146' title='bbox 1166 2153 1199 2218; x_wconf 89' lang='lat' dir='ltr'><strong>in</strong></span> 
     </span>
     <span class='ocr_line' id='line_1_18' title="bbox 68 2258 1199 2326; baseline 0.004 -5"><span class='ocrx_word' id='word_1_147' title='bbox 68 2258 134 2324; x_wconf 85' lang='lat' dir='ltr'><strong>loeis</strong></span> <span class='ocrx_word' id='word_1_148' title='bbox 156 2282 227 2325; x_wconf 90' lang='lat' dir='ltr'><strong>cum</strong></span> <span class='ocrx_word' id='word_1_149' title='bbox 252 2261 371 2326; x_wconf 89' lang='lat' dir='ltr'><strong>Plauto</strong></span> <span class='ocrx_word' id='word_1_150' title='bbox 399 2265 469 2326; x_wconf 89' lang='lat' dir='ltr'><strong>tum</strong></span> <span class='ocrx_word' id='word_1_151' title='bbox 493 2259 646 2326; x_wconf 80' lang='lat' dir='ltr'><strong>Terentio</strong></span> <span class='ocrx_word' id='word_1_152' title='bbox 674 2261 730 2326; x_wconf 90' lang='lat' dir='ltr'><strong>ille</strong></span> <span class='ocrx_word' id='word_1_153' title='bbox 757 2261 838 2326; x_wconf 84' lang='lat' dir='ltr'><strong>hisee</strong></span> <span class='ocrx_word' id='word_1_154' title='bbox 866 2261 1084 2326; x_wconf 82' lang='lat' dir='ltr'><strong>nominativus</strong></span> <span class='ocrx_word' id='word_1_155' title='bbox 1113 2259 1199 2326; x_wconf 90' lang='lat' dir='ltr'><strong>hand</strong></span> 
     </span>
     <span class='ocr_line' id='line_1_19' title="bbox 68 2364 1201 2452; baseline 0.004 -24"><span class='ocrx_word' id='word_1_156' title='bbox 68 2364 252 2434; x_wconf 73' lang='lat' dir='ltr'><strong>haesitanter</strong></span> <span class='ocrx_word' id='word_1_157' title='bbox 275 2367 494 2434; x_wconf 87' lang='lat' dir='ltr'><strong>restituendus</strong></span> <span class='ocrx_word' id='word_1_158' title='bbox 519 2369 570 2433; x_wconf 86' lang='lat' dir='ltr'><strong>sit.</strong></span> <span class='ocrx_word' id='word_1_159' title='bbox 622 2366 713 2444; x_wconf 76' lang='lat' dir='ltr'><strong>Quod</strong></span> <span class='ocrx_word' id='word_1_160' title='bbox 737 2367 814 2452; x_wconf 88' lang='lat' dir='ltr'><strong>quia</strong></span> <span class='ocrx_word' id='word_1_161' title='bbox 842 2389 914 2432; x_wconf 86' lang='lat' dir='ltr'><strong>cuns</strong></span> <span class='ocrx_word' id='word_1_162' title='bbox 943 2367 1016 2434; x_wconf 86' lang='lat' dir='ltr'><strong>aliis</strong></span> <span class='ocrx_word' id='word_1_163' title='bbox 1039 2367 1201 2452; x_wconf 78' lang='lat' dir='ltr'><strong>quaestio</strong></span> 
     </span>
     <span class='ocr_line' id='line_1_20' title="bbox 68 2472 1201 2560; baseline 0.004 -23"><span class='ocrx_word' id='word_1_164' title='bbox 68 2473 147 2538; x_wconf 90' lang='lat' dir='ltr'><strong>nibus</strong></span> <span class='ocrx_word' id='word_1_165' title='bbox 178 2476 390 2542; x_wconf 90' lang='lat' dir='ltr'><strong>coniunctum</strong></span> <span class='ocrx_word' id='word_1_166' title='bbox 423 2479 486 2558; x_wconf 88' lang='lat' dir='ltr'><strong>eat,</strong></span> <span class='ocrx_word' id='word_1_167' title='bbox 518 2475 609 2539; x_wconf 84' lang='lat' dir='ltr'><strong>velut</strong></span> <span class='ocrx_word' id='word_1_168' title='bbox 641 2475 679 2540; x_wconf 96' lang='lat' dir='ltr'><strong>de</strong></span> <span class='ocrx_word' id='word_1_169' title='bbox 707 2476 803 2542; x_wconf 83' lang='lat' dir='ltr'><strong>illisce</strong></span> <span class='ocrx_word' id='word_1_170' title='bbox 830 2473 937 2541; x_wconf 85' lang='lat' dir='ltr'><strong>forma</strong></span> <span class='ocrx_word' id='word_1_171' title='bbox 963 2475 1116 2540; x_wconf 88' lang='lat' dir='ltr'><strong>Plautina</strong></span> <span class='ocrx_word' id='word_1_172' title='bbox 1149 2472 1201 2560; x_wconf 89' lang='lat' dir='ltr'><strong>(nt</strong></span> 
     </span>
     <span class='ocr_line' id='line_1_21' title="bbox 68 2577 1200 2668; baseline 0.007 -26"><span class='ocrx_word' id='word_1_173' title='bbox 68 2577 149 2646; x_wconf 83' lang='lat' dir='ltr'><strong>llost</strong></span> <span class='ocrx_word' id='word_1_174' title='bbox 167 2580 256 2668; x_wconf 85' lang='lat'><strong>510),</strong></span> <span class='ocrx_word' id='word_1_175' title='bbox 281 2583 336 2648; x_wconf 91' lang='lat' dir='ltr'><strong>bic</strong></span> <span class='ocrx_word' id='word_1_176' title='bbox 349 2583 465 2648; x_wconf 83' lang='lat' dir='ltr'><strong>leviter</strong></span> <span class='ocrx_word' id='word_1_177' title='bbox 479 2581 707 2666; x_wconf 80' lang='lat' dir='ltr'><strong>perstrinxisse</strong></span> <span class='ocrx_word' id='word_1_178' title='bbox 732 2583 812 2647; x_wconf 88' lang='lat' dir='ltr'><strong>satia</strong></span> <span class='ocrx_word' id='word_1_179' title='bbox 826 2581 941 2666; x_wconf 88' lang='lat' dir='ltr'><strong>babeo,</strong></span> <span class='ocrx_word' id='word_1_180' title='bbox 957 2583 1034 2647; x_wconf 91' lang='lat' dir='ltr'><strong>alibi</strong></span> <span class='ocrx_word' id='word_1_181' title='bbox 1049 2585 1200 2650; x_wconf 77' lang='lat' dir='ltr'><strong>tractabo</strong></span> 
     </span>
     <span class='ocr_line' id='line_1_22' title="bbox 68 2687 1201 2774; baseline 0.007 -26"><span class='ocrx_word' id='word_1_182' title='bbox 68 2689 202 2754; x_wconf 88' lang='lat' dir='ltr'><strong>curatius.</strong></span> <span class='ocrx_word' id='word_1_183' title='bbox 225 2725 271 2738; x_wconf 92' lang='lat'>—</span> <span class='ocrx_word' id='word_1_184' title='bbox 296 2687 418 2754; x_wconf 90' lang='lat' dir='ltr'><strong>Verum</strong></span> <span class='ocrx_word' id='word_1_185' title='bbox 442 2693 552 2754; x_wconf 91' lang='lat' dir='ltr'><strong>tamen</strong></span> <span class='ocrx_word' id='word_1_186' title='bbox 575 2688 626 2754; x_wconf 90' lang='lat' dir='ltr'><strong>his</strong></span> <span class='ocrx_word' id='word_1_187' title='bbox 655 2689 806 2754; x_wconf 88' lang='lat' dir='ltr'><strong>omnibns</strong></span> <span class='ocrx_word' id='word_1_188' title='bbox 835 2687 977 2754; x_wconf 91' lang='lat' dir='ltr'><strong>nondum</strong></span> <span class='ocrx_word' id='word_1_189' title='bbox 1007 2688 1086 2755; x_wconf 89' lang='lat' dir='ltr'><strong>satis</strong></span> <span class='ocrx_word' id='word_1_190' title='bbox 1111 2713 1201 2774; x_wconf 87' lang='lat' dir='ltr'><strong>prae-</strong></span> 
     </span>
     <span class='ocr_line' id='line_1_23' title="bbox 69 2791 1201 2882; baseline 0.008 -28"><span class='ocrx_word' id='word_1_191' title='bbox 69 2791 129 2858; x_wconf 88' lang='lat' dir='ltr'><strong>sidii</strong></span> <span class='ocrx_word' id='word_1_192' title='bbox 154 2801 306 2880; x_wconf 84' lang='lat' dir='ltr'><strong>paratum</strong></span> <span class='ocrx_word' id='word_1_193' title='bbox 335 2795 428 2864; x_wconf 82' lang='lat' dir='ltr'><strong>video</strong></span> <span class='ocrx_word' id='word_1_194' title='bbox 456 2797 590 2862; x_wconf 70' lang='lat' dir='ltr'><strong>huicne</strong></span> <span class='ocrx_word' id='word_1_195' title='bbox 611 2797 784 2878; x_wconf 71' lang='lat' dir='ltr'><strong>insperatos</strong></span> <span class='ocrx_word' id='word_1_196' title='bbox 811 2795 1036 2880; x_wconf 82' lang='lat' dir='ltr'><strong>nominativis,</strong></span> <span class='ocrx_word' id='word_1_197' title='bbox 1062 2819 1144 2882; x_wconf 87' lang='lat' dir='ltr'><strong>qnos</strong></span> <span class='ocrx_word' id='word_1_198' title='bbox 1168 2798 1201 2863; x_wconf 91' lang='lat' dir='ltr'><strong>in</strong></span> 
     </span>
     <span class='ocr_line' id='line_1_24' title="bbox 70 2897 1201 2988; baseline 0.005 -26"><span class='ocrx_word' id='word_1_199' title='bbox 70 2897 279 2968; x_wconf 77' lang='lat' dir='ltr'><strong>Atellanarum</strong></span> <span class='ocrx_word' id='word_1_200' title='bbox 310 2903 477 2988; x_wconf 90' lang='lat' dir='ltr'><strong>scriptoris</strong></span> <span class='ocrx_word' id='word_1_201' title='bbox 506 2903 676 2988; x_wconf 88' lang='lat' dir='ltr'><strong>Pomponii</strong></span> <span class='ocrx_word' id='word_1_202' title='bbox 705 2901 790 2988; x_wconf 90' lang='lat' dir='ltr'><strong>apud</strong></span> <span class='ocrx_word' id='word_1_203' title='bbox 816 2901 960 2968; x_wconf 89' lang='lat' dir='ltr'><strong>Nonium</strong></span> <span class='ocrx_word' id='word_1_204' title='bbox 987 2924 1018 2985; x_wconf 90' lang='lat' dir='ltr'><strong>p.</strong></span> <span class='ocrx_word' id='word_1_205' title='bbox 1041 2903 1108 2966; x_wconf 74' lang='lat'><strong>500</strong></span> <span class='ocrx_word' id='word_1_206' title='bbox 1140 2902 1201 2968; x_wconf 91' lang='lat' dir='ltr'><strong>hoc</strong></span> 
     </span>
     <span class='ocr_line' id='line_1_25' title="bbox 71 3007 1201 3096; baseline 0.006 -28"><span class='ocrx_word' id='word_1_207' title='bbox 71 3010 251 3090; x_wconf 89' lang='lat' dir='ltr'><strong>septenario:</strong></span> <span class='ocrx_word' id='word_1_208' title='bbox 278 3007 369 3090; x_wconf 61' lang='lat' dir='ltr'><strong>Quid</strong></span> <span class='ocrx_word' id='word_1_209' title='bbox 385 3009 499 3096; x_wconf 88' lang='lat' dir='ltr'><strong>(immo</strong></span> <span class='ocrx_word' id='word_1_210' title='bbox 516 3009 613 3096; x_wconf 76' lang='lat' dir='ltr'><strong>Queat)</strong></span> <span class='ocrx_word' id='word_1_211' title='bbox 634 3011 767 3076; x_wconf 76' lang='lat' dir='ltr'><strong>laetitios</strong></span> <span class='ocrx_word' id='word_1_212' title='bbox 789 3011 963 3092; x_wconf 79' lang='lat' dir='ltr'><strong>insperatus</strong></span> <span class='ocrx_word' id='word_1_213' title='bbox 984 3007 1072 3074; x_wconf 75' lang='lat' dir='ltr'><strong>modo</strong></span> <span class='ocrx_word' id='word_1_214' title='bbox 1090 3011 1136 3074; x_wconf 83' lang='lat' dir='ltr'><strong>mi</strong></span> <span class='ocrx_word' id='word_1_215' title='bbox 1155 3012 1201 3076; x_wconf 82' lang='lat' dir='ltr'><strong>in·</strong></span> 
     </span>
     <span class='ocr_line' id='line_1_26' title="bbox 72 3115 1201 3204; baseline 0.002 -24"><span class='ocrx_word' id='word_1_216' title='bbox 72 3133 171 3195; x_wconf 67' lang='lat' dir='ltr'><strong>requae</strong></span> <span class='ocrx_word' id='word_1_217' title='bbox 193 3121 227 3182; x_wconf 83' lang='lat' dir='ltr'><strong>r&#39;u</strong></span> <span class='ocrx_word' id='word_1_218' title='bbox 245 3119 354 3183; x_wconf 82' lang='lat' dir='ltr'><strong>circum</strong></span> <span class='ocrx_word' id='word_1_219' title='bbox 372 3117 504 3202; x_wconf 88' lang='lat' dir='ltr'><strong>quidam</strong></span> <span class='ocrx_word' id='word_1_220' title='bbox 522 3117 697 3204; x_wconf 83' lang='lat' dir='ltr'><strong>indagasse</strong></span> <span class='ocrx_word' id='word_1_221' title='bbox 716 3117 778 3181; x_wconf 91' lang='lat' dir='ltr'><strong>sibi</strong></span> <span class='ocrx_word' id='word_1_222' title='bbox 796 3117 856 3181; x_wconf 85' lang='lat' dir='ltr'><strong>visi</strong></span> <span class='ocrx_word' id='word_1_223' title='bbox 878 3121 953 3182; x_wconf 88' lang='lat' dir='ltr'><strong>sunt</strong></span> <span class='ocrx_word' id='word_1_224' title='bbox 971 3120 1047 3200; x_wconf 86' lang='lat' dir='ltr'><strong>post</strong></span> <span class='ocrx_word' id='word_1_225' title='bbox 1060 3115 1201 3182; x_wconf 88' lang='lat' dir='ltr'><strong>Hartun·</strong></span> 
     </span>
     <span class='ocr_line' id='line_1_27' title="bbox 71 3222 1202 3312; baseline 0.003 -27"><span class='ocrx_word' id='word_1_226' title='bbox 71 3241 142 3302; x_wconf 72' lang='lat' dir='ltr'><strong>prm.</strong></span> <span class='ocrx_word' id='word_1_227' title='bbox 166 3223 253 3290; x_wconf 79' lang='lat' dir='ltr'><strong>Nam</strong></span> <span class='ocrx_word' id='word_1_228' title='bbox 268 3229 307 3289; x_wconf 93' lang='lat' dir='ltr'><strong>ut</strong></span> <span class='ocrx_word' id='word_1_229' title='bbox 325 3227 449 3290; x_wconf 87' lang='lat' dir='ltr'><strong>taceam</strong></span> <span class='ocrx_word' id='word_1_230' title='bbox 469 3225 554 3312; x_wconf 93' lang='lat' dir='ltr'><strong>quod</strong></span> <span class='ocrx_word' id='word_1_231' title='bbox 573 3226 659 3290; x_wconf 89' lang='lat' dir='ltr'><strong>inter</strong></span> <span class='ocrx_word' id='word_1_232' title='bbox 672 3224 823 3290; x_wconf 88' lang='lat' dir='ltr'><strong>Plautum</strong></span> <span class='ocrx_word' id='word_1_233' title='bbox 839 3222 1090 3309; x_wconf 78' lang='lat' dir='ltr'><strong>&#39;latentiumque</strong></span> <span class='ocrx_word' id='word_1_234' title='bbox 1105 3229 1202 3310; x_wconf 90' lang='lat' dir='ltr'><strong>atque</strong></span> 
     </span>
     <span class='ocr_line' id='line_1_28' title="bbox 72 3325 1203 3418; baseline 0.004 -26"><span class='ocrx_word' id='word_1_235' title='bbox 72 3325 223 3414; x_wconf 84' lang='lat' dir='ltr'><strong>Pomponii</strong></span> <span class='ocrx_word' id='word_1_236' title='bbox 248 3335 392 3398; x_wconf 90' lang='lat' dir='ltr'><strong>aetatem</strong></span> <span class='ocrx_word' id='word_1_237' title='bbox 415 3333 572 3418; x_wconf 88' lang='lat' dir='ltr'><strong>temporis</strong></span> <span class='ocrx_word' id='word_1_238' title='bbox 595 3332 802 3398; x_wconf 84' lang='lat' dir='ltr'><strong>intervallum</strong></span> <span class='ocrx_word' id='word_1_239' title='bbox 830 3329 1015 3414; x_wconf 85' lang='lat' dir='ltr'><strong>intercedit,</strong></span> <span class='ocrx_word' id='word_1_240' title='bbox 1046 3331 1081 3396; x_wconf 92' lang='lat' dir='ltr'><strong>in</strong></span> <span class='ocrx_word' id='word_1_241' title='bbox 1111 3335 1203 3396; x_wconf 88' lang='lat' dir='ltr'><strong>tanta</strong></span> 
     </span>
     <span class='ocr_line' id='line_1_29' title="bbox 73 3435 1201 3524; baseline 0.006 -29"><span class='ocrx_word' id='word_1_242' title='bbox 73 3438 275 3521; x_wconf 83' lang='lat' dir='ltr'><strong>exemplorum</strong></span> <span class='ocrx_word' id='word_1_243' title='bbox 301 3439 508 3504; x_wconf 90' lang='lat' dir='ltr'><strong>multitudiue</strong></span> <span class='ocrx_word' id='word_1_244' title='bbox 537 3461 700 3504; x_wconf 78' lang='lat' dir='ltr'><strong>uersuum</strong></span> <span class='ocrx_word' id='word_1_245' title='bbox 724 3437 853 3524; x_wconf 90' lang='lat' dir='ltr'><strong>quidem</strong></span> <span class='ocrx_word' id='word_1_246' title='bbox 876 3435 978 3502; x_wconf 89' lang='lat' dir='ltr'><strong>habes</strong></span> <span class='ocrx_word' id='word_1_247' title='bbox 1002 3437 1043 3503; x_wconf 88' lang='lat' dir='ltr'><strong>ad</strong></span> <span class='ocrx_word' id='word_1_248' title='bbox 1066 3437 1201 3522; x_wconf 89' lang='lat' dir='ltr'><strong>primam</strong></span> 
     </span>
     <span class='ocr_line' id='line_1_30' title="bbox 73 3537 1202 3630; baseline 0.007 -30"><span class='ocrx_word' id='word_1_249' title='bbox 73 3537 307 3610; x_wconf 86' lang='lat' dir='ltr'><strong>declinationem</strong></span> <span class='ocrx_word' id='word_1_250' title='bbox 331 3547 510 3630; x_wconf 88' lang='lat' dir='ltr'><strong>pertinens:</strong></span> <span class='ocrx_word' id='word_1_251' title='bbox 538 3547 571 3610; x_wconf 90' lang='lat' dir='ltr'><strong>in</strong></span> <span class='ocrx_word' id='word_1_252' title='bbox 596 3568 659 3630; x_wconf 88' lang='lat' dir='ltr'><strong>qna</strong></span> <span class='ocrx_word' id='word_1_253' title='bbox 688 3545 715 3608; x_wconf 89' lang='lat' dir='ltr'><strong>si</strong></span> <span class='ocrx_word' id='word_1_254' title='bbox 744 3545 821 3608; x_wconf 89' lang='lat' dir='ltr'><strong>item</strong></span> <span class='ocrx_word' id='word_1_255' title='bbox 844 3563 860 3610; x_wconf 90' lang='lat' dir='ltr'><strong>s</strong></span> <span class='ocrx_word' id='word_1_256' title='bbox 882 3544 1026 3609; x_wconf 86' lang='lat' dir='ltr'><strong>litteram</strong></span> <span class='ocrx_word' id='word_1_257' title='bbox 1052 3567 1202 3630; x_wconf 89' lang='lat' dir='ltr'><strong>nmquam</strong></span> 
     </span>
     <span class='ocr_line' id='line_1_31' title="bbox 75 3649 1203 3739; baseline 0.002 -27"><span class='ocrx_word' id='word_1_258' title='bbox 75 3651 150 3712; x_wconf 78' lang='lat' dir='ltr'><strong>vetus</strong></span> <span class='ocrx_word' id='word_1_259' title='bbox 172 3652 284 3739; x_wconf 83' lang='lat' dir='ltr'><strong>lingua</strong></span> <span class='ocrx_word' id='word_1_260' title='bbox 309 3653 462 3738; x_wconf 85' lang='lat' dir='ltr'><strong>servavit,</strong></span> <span class='ocrx_word' id='word_1_261' title='bbox 490 3655 527 3718; x_wconf 90' lang='lat' dir='ltr'><strong>ut</strong></span> <span class='ocrx_word' id='word_1_262' title='bbox 550 3655 600 3718; x_wconf 88' lang='lat' dir='ltr'><strong>est</strong></span> <span class='ocrx_word' id='word_1_263' title='bbox 622 3673 699 3718; x_wconf 90' lang='lat' dir='ltr'><strong>sane</strong></span> <span class='ocrx_word' id='word_1_264' title='bbox 723 3673 853 3736; x_wconf 90' lang='lat' dir='ltr'><strong>prorsus</strong></span> <span class='ocrx_word' id='word_1_265' title='bbox 878 3651 1042 3734; x_wconf 84' lang='lat' dir='ltr'><strong>credibile,</strong></span> <span class='ocrx_word' id='word_1_266' title='bbox 1071 3651 1148 3714; x_wconf 85' lang='lat' dir='ltr'><strong>fecit</strong></span> <span class='ocrx_word' id='word_1_267' title='bbox 1171 3649 1203 3714; x_wconf 93' lang='lat' dir='ltr'><strong>id</strong></span> 
     </span>
     <span class='ocr_line' id='line_1_32' title="bbox 76 3755 1203 3846; baseline 0.004 -30"><span class='ocrx_word' id='word_1_268' title='bbox 76 3755 174 3822; x_wconf 87' lang='lat' dir='ltr'><strong>saltem</strong></span> <span class='ocrx_word' id='word_1_269' title='bbox 197 3759 243 3824; x_wconf 92' lang='lat' dir='ltr'><strong>eis</strong></span> <span class='ocrx_word' id='word_1_270' title='bbox 267 3761 469 3846; x_wconf 87' lang='lat' dir='ltr'><strong>temporibus</strong></span> <span class='ocrx_word' id='word_1_271' title='bbox 498 3781 579 3846; x_wconf 90' lang='lat' dir='ltr'><strong>quae</strong></span> <span class='ocrx_word' id='word_1_272' title='bbox 603 3759 903 3844; x_wconf 86' lang='lat' dir='ltr'><strong>antiquissimorum</strong></span> <span class='ocrx_word' id='word_1_273' title='bbox 927 3763 1068 3824; x_wconf 87' lang='lat' dir='ltr'><strong>aetatem</strong></span> <span class='ocrx_word' id='word_1_274' title='bbox 1092 3779 1203 3820; x_wconf 89' lang='lat' dir='ltr'><strong>monn·</strong></span> 
     </span>
     <span class='ocr_line' id='line_1_33' title="bbox 78 3861 1203 3952; baseline -0.001 -25"><span class='ocrx_word' id='word_1_275' title='bbox 78 3869 240 3932; x_wconf 88' lang='lat' dir='ltr'><strong>mentorum</strong></span> <span class='ocrx_word' id='word_1_276' title='bbox 269 3872 433 3952; x_wconf 89' lang='lat' dir='ltr'><strong>superant.</strong></span> <span class='ocrx_word' id='word_1_277' title='bbox 484 3867 664 3952; x_wconf 91' lang='lat' dir='ltr'><strong>Pomponio</strong></span> <span class='ocrx_word' id='word_1_278' title='bbox 695 3866 796 3952; x_wconf 80' lang='lat' dir='ltr'><strong>igitur</strong></span> <span class='ocrx_word' id='word_1_279' title='bbox 828 3865 880 3930; x_wconf 83' lang='lat' dir='ltr'><strong>six</strong></span> <span class='ocrx_word' id='word_1_280' title='bbox 910 3863 1023 3928; x_wconf 87' lang='lat' dir='ltr'><strong>dubito</strong></span> <span class='ocrx_word' id='word_1_281' title='bbox 1056 3861 1203 3946; x_wconf 88' lang='lat' dir='ltr'><strong>equidem</strong></span> 
     </span>
     <span class='ocr_line' id='line_1_34' title="bbox 78 3969 1203 4056; baseline 0 -22"><span class='ocrx_word' id='word_1_282' title='bbox 78 3969 140 4049; x_wconf 89' lang='lat' dir='ltr'><strong>quin</strong></span> <span class='ocrx_word' id='word_1_283' title='bbox 161 3993 216 4056; x_wconf 92' lang='lat' dir='ltr'><strong>pro</strong></span> <span class='ocrx_word' id='word_1_284' title='bbox 240 3972 325 4038; x_wconf 81' lang='lat' dir='ltr'><strong>reris</strong></span> <span class='ocrx_word' id='word_1_285' title='bbox 350 3973 541 4040; x_wconf 84' lang='lat' dir='ltr'><strong>accusativis</strong></span> <span class='ocrx_word' id='word_1_286' title='bbox 566 3975 700 4040; x_wconf 80' lang='lat' dir='ltr'><strong>hselitioa</strong></span> <span class='ocrx_word' id='word_1_287' title='bbox 722 3973 896 4054; x_wconf 68' lang='lat' dir='ltr'><strong>imperatae</strong></span> <span class='ocrx_word' id='word_1_288' title='bbox 918 3969 1050 4054; x_wconf 85' lang='lat' dir='ltr'><strong>fuerint,</strong></span> <span class='ocrx_word' id='word_1_289' title='bbox 1073 3991 1203 4054; x_wconf 84' lang='lat' dir='ltr'><strong>suspen·</strong></span> 
     </span>
     <span class='ocr_line' id='line_1_35' title="bbox 79 4073 1204 4165; baseline 0.005 -29"><span class='ocrx_word' id='word_1_290' title='bbox 79 4073 111 4138; x_wconf 83' lang='lat' dir='ltr'><strong>sis</strong></span> <span class='ocrx_word' id='word_1_291' title='bbox 135 4099 151 4140; x_wconf 89' lang='lat' dir='ltr'><strong>e</strong></span> <span class='ocrx_word' id='word_1_292' title='bbox 176 4082 274 4146; x_wconf 84' lang='lat' dir='ltr'><strong>serbo</strong></span> <span class='ocrx_word' id='word_1_293' title='bbox 307 4081 480 4147; x_wconf 80' lang='lat' dir='ltr'><strong>transitivo</strong></span> <span class='ocrx_word' id='word_1_294' title='bbox 508 4103 580 4147; x_wconf 90' lang='lat' dir='ltr'><strong>cum</strong></span> <span class='ocrx_word' id='word_1_295' title='bbox 609 4079 717 4165; x_wconf 88' lang='lat' dir='ltr'><strong>aliquo</strong></span> <span class='ocrx_word' id='word_1_296' title='bbox 751 4078 837 4164; x_wconf 93' lang='lat' dir='ltr'><strong>quod</strong></span> <span class='ocrx_word' id='word_1_297' title='bbox 869 4077 1099 4163; x_wconf 89' lang='lat' dir='ltr'><strong>praecessisset</strong></span> <span class='ocrx_word' id='word_1_298' title='bbox 1130 4077 1204 4144; x_wconf 87' lang='lat' dir='ltr'><strong>snb-</strong></span> 
     </span>
    </p>
   </div>
   <div class='ocr_carea' id='block_1_3' title="bbox 80 4233 268 4252">
    <p class='ocr_par' dir='ltr' id='par_1_4' title="bbox 80 4233 268 4252">
     <span class='ocr_line' id='line_1_36' title="bbox 80 4233 268 4252; baseline 0 0"><span class='ocrx_word' id='word_1_299' title='bbox 80 4233 268 4252; x_wconf 36' lang='lat' dir='ltr'>”Qu—-</span> 
     </span>
    </p>
   </div>
   <div class='ocr_carea' id='block_1_4' title="bbox 83 4341 1205 4598">
    <p class='ocr_par' dir='ltr' id='par_1_5' title="bbox 83 4341 1205 4598">
     <span class='ocr_line' id='line_1_37' title="bbox 152 4341 1205 4418; baseline -0.005 -18"><span class='ocrx_word' id='word_1_300' title='bbox 152 4343 282 4416; x_wconf 72' lang='lat' dir='ltr'><strong>⁸)[llaec</strong></span> <span class='ocrx_word' id='word_1_301' title='bbox 306 4347 464 4402; x_wconf 85' lang='lat' dir='ltr'><strong>accuratius</strong></span> <span class='ocrx_word' id='word_1_302' title='bbox 487 4347 617 4418; x_wconf 87' lang='lat' dir='ltr'><strong>exposuit</strong></span> <span class='ocrx_word' id='word_1_303' title='bbox 639 4351 669 4402; x_wconf 87' lang='lat' dir='ltr'><strong>et</strong></span> <span class='ocrx_word' id='word_1_304' title='bbox 691 4347 823 4418; x_wconf 85' lang='lat' dir='ltr'><strong>exparte</strong></span> <span class='ocrx_word' id='word_1_305' title='bbox 846 4343 1012 4400; x_wconf 79' lang='lat' dir='ltr'><strong>retractavit</strong></span> <span class='ocrx_word' id='word_1_306' title='bbox 1036 4341 1205 4398; x_wconf 79' lang='lat' dir='ltr'><strong>Bitschelius</strong></span> 
     </span>
     <span class='ocr_line' id='line_1_38' title="bbox 83 4425 1205 4506; baseline 0.001 -18"><span class='ocrx_word' id='word_1_307' title='bbox 83 4425 118 4481; x_wconf 80' lang='lat' dir='ltr'><strong>&#39;de</strong></span> <span class='ocrx_word' id='word_1_308' title='bbox 134 4431 196 4488; x_wconf 79' lang='lat' dir='ltr'><strong>idern</strong></span> <span class='ocrx_word' id='word_1_309' title='bbox 214 4437 296 4491; x_wconf 72' lang='lat' dir='ltr'><strong>isdem</strong></span> <span class='ocrx_word' id='word_1_310' title='bbox 314 4436 487 4506; x_wconf 85' lang='lat' dir='ltr'><strong>pronominis</strong></span> <span class='ocrx_word' id='word_1_311' title='bbox 505 4437 614 4492; x_wconf 85' lang='lat' dir='ltr'><strong>lormis’</strong></span> <span class='ocrx_word' id='word_1_312' title='bbox 632 4439 765 4506; x_wconf 88' lang='lat' dir='ltr'><strong>(prooem.</strong></span> <span class='ocrx_word' id='word_1_313' title='bbox 780 4435 836 4492; x_wconf 85' lang='lat' dir='ltr'><strong>ind.</strong></span> <span class='ocrx_word' id='word_1_314' title='bbox 852 4435 916 4492; x_wconf 83' lang='lat' dir='ltr'><strong>lect</strong></span> <span class='ocrx_word' id='word_1_315' title='bbox 927 4435 1013 4492; x_wconf 86' lang='lat' dir='ltr'><strong>Bono.</strong></span> <span class='ocrx_word' id='word_1_316' title='bbox 1029 4433 1085 4488; x_wconf 86' lang='lat' dir='ltr'><strong>bib.</strong></span> <span class='ocrx_word' id='word_1_317' title='bbox 1102 4449 1126 4488; x_wconf 77' lang='lat' dir='ltr'><strong>a</strong></span> <span class='ocrx_word' id='word_1_318' title='bbox 1136 4437 1205 4486; x_wconf 72' lang='lat'><strong>1855</strong></span> 
     </span>
     <span class='ocr_line' id='line_1_39' title="bbox 83 4518 682 4598; baseline 0.023 -30"><span class='ocrx_word' id='word_1_319' title='bbox 83 4518 105 4568; x_wconf 85' lang='lat' dir='ltr'><strong>et</strong></span> <span class='ocrx_word' id='word_1_320' title='bbox 119 4523 160 4588; x_wconf 68' lang='lat'><strong>563</strong></span> <span class='ocrx_word' id='word_1_321' title='bbox 176 4521 245 4580; x_wconf 77' lang='lat' dir='ltr'><strong>inira</strong></span> <span class='ocrx_word' id='word_1_322' title='bbox 262 4545 288 4580; x_wconf 90' lang='lat' dir='ltr'><strong>n.</strong></span> <span class='ocrx_word' id='word_1_323' title='bbox 309 4525 385 4596; x_wconf 87' lang='lat' dir='ltr'><strong>Xlll)</strong></span> <span class='ocrx_word' id='word_1_324' title='bbox 404 4543 430 4596; x_wconf 92' lang='lat' dir='ltr'><strong>p.</strong></span> <span class='ocrx_word' id='word_1_325' title='bbox 449 4526 488 4580; x_wconf 95' lang='lat' dir='ltr'><strong>Ill</strong></span> <span class='ocrx_word' id='word_1_326' title='bbox 503 4545 543 4596; x_wconf 88' lang='lat' dir='ltr'><strong>aq.</strong></span> <span class='ocrx_word' id='word_1_327' title='bbox 581 4527 610 4582; x_wconf 90' lang='lat' dir='ltr'><strong>C.</strong></span> <span class='ocrx_word' id='word_1_328' title='bbox 626 4527 682 4598; x_wconf 89' lang='lat' dir='ltr'><strong>W.]</strong></span> 
     </span>
    </p>
   </div>
   <div class='ocr_carea' id='block_1_5' title="bbox 0 0 1534 5122">
    <p class='ocr_par' dir='ltr' id='par_1_6' title="bbox 0 0 1534 5122">
     <span class='ocr_line' id='line_1_40' title="bbox 0 0 1534 5122; baseline 0 0"><span class='ocrx_word' id='word_1_329' title='bbox 0 0 1534 5122; x_wconf 95' lang='lat' dir='ltr'><strong> </strong></span> 
     </span>
    </p>
   </div>
  </div>
 </body>
</html>
