2984 5122
361 329 427 392 432
523 346 559 391 m
584 346 695 393 uacus
719 347 909 394 ursmarum
933 347 1115 394 nuroumu
1139 347 1331 395 consanam

361 488 557 551 intercedere
589 489 674 552 inter
702 488 783 570 Aqv
812 495 845 553 et
872 489 932 554 AR
964 491 1087 573 potuit:
1125 492 1214 555 cuius
1246 492 1290 554 rei
1318 489 1397 573 plane
1421 512 1461 573 ge-

361 596 492 659 mellum
539 597 720 679 exemplum
768 597 944 662 miliarium
990 597 1070 661 illud
1105 597 1305 681 Popilianum
1344 598 1417 661 offert
1448 621 1460 662 r

361 702 564 769 Mommseno
589 704 711 768 editum
735 703 834 768 Inscr.
857 705 949 788 regni
973 703 1183 788 Neapolitani
1202 707 1287 770 6276
1311 703 1392 792 [ull.
1410 703 1462 768 L.l

361 833 390 875 u.
411 812 505 895 551],
532 811 679 894 exemplo
709 810 919 894 lithographo
948 834 967 874 a
993 811 1089 875 nobis
1114 835 1298 895 expressum
1320 813 1350 876 in
1370 810 1462 876 ‘llonu

361 918 478 980 mentis
508 917 725 1001 epigraphicis
753 915 874 979 tribus'
903 940 986 981 auno
1014 918 1099 982 1852
1123 918 1277 1002 vulgatis,
1307 918 1409 980 iterum
1433 938 1462 978 re

360 1028 600 1107 praesentatum
625 1024 658 1090 irr
682 1022 823 1087 ‘Priscae
846 1023 1021 1088 latinitatis
1041 1025 1257 1088 monumentis
1277 1019 1463 1107 epigrapbicis'

359 1133 472 1195 tabula
499 1129 542 1193 Ll
561 1129 602 1193 B.
657 1128 707 1193 Ibi
740 1132 823 1194 enim
856 1131 918 1194 etsi
951 1153 1044 1195 versu
1073 1131 1092 1194 9
1123 1127 1468 1220 EIDEM-PRAETOR}

360 1242 495 1320 uterque
520 1235 685 1318 edidimus
709 1239 818 1299 tamen
843 1236 946 1302 denuo
971 1238 1159 1320 scrupulose
1182 1237 1361 1301 examinato
1381 1227 1468 1317 ectypo}

272 1359 274 1368 ¹
360 1344 531 1408 chartaceo
556 1342 641 1405 inter
664 1341 691 1405 Ε
716 1347 748 1405 et
772 1342 798 1405 Τ
823 1343 966 1426 litterae,
994 1344 1103 1428 paullo
1133 1345 1255 1409 maiore
1275 1349 1396 1434 praeter
1414 1341 1466 1404 soli·

360 1455 429 1513 tum
457 1448 631 1513 intervallo
660 1447 850 1531 disiunctas,
884 1450 988 1514 visum
1020 1457 1070 1514 est
1100 1450 1309 1514 simulacrum
1334 1450 1350 1513 l
1374 1450 1466 1513 litterar

360 1578 524 1640 apparere,
547 1578 613 1619 non
632 1555 663 1617 id
683 1559 750 1618 tam
771 1560 894 1620 certum
914 1562 946 1620 et
965 1563 1113 1640 apertum
1132 1563 1169 1622 ut
1188 1558 1410 1622 dubitationem
1425 1575 1464 1618 mr

360 1665 521 1748 admittat,
545 1662 600 1726 sed
624 1661 707 1725 idem
732 1685 772 1726 ne
796 1668 863 1728 tam
887 1664 982 1728 nihili
1006 1665 1135 1748 quidem
1159 1671 1207 1748 ut,
1239 1667 1267 1730 si
1291 1659 1464 1729 PliAElltll

359 1772 405 1854 (h.
429 1795 453 1835 c.
472 1768 637 1854 proc-iter)
672 1770 896 1852 edidissemus,
930 1771 1072 1854 aliquam
1104 1772 1232 1855 culpam
1265 1763 1462 1836 meteremus!

359 1879 397 1942 ln
421 1878 560 1961 lapidem
585 1877 687 1960 igitur
710 1877 909 1942 Tolosanum
936 1900 1014 1941 num
1042 1899 1123 1961 quae
1151 1878 1236 1943 forte
1264 1879 1379 1942 similis
1399 1873 1462 1939 anti

360 1985 465 2067 guitas
490 1984 650 2065 ceciderit,
674 1984 767 2047 valde
792 1985 965 2050 dolendum
989 1990 1039 2049 est
1062 1987 1147 2070 quod
1170 2008 1255 2050 nunc
1283 1986 1356 2051 sciri
1376 1981 1461 2066 nequit

360 2091 538 2154 sedetiam
563 2091 687 2154 valdius
713 2093 903 2176 optandum,
931 2096 967 2156 ut
994 2093 1087 2156 novis
1115 2093 1198 2156 curis
1227 2116 1327 2177 quam
1354 2091 1461 2156 acerrirr

359 2197 616 2280 pervestigentur
640 2198 752 2280 copiae
776 2198 951 2280 lapidarias
974 2199 1157 2262 academiae
1176 2198 1372 2282 Tolosanae,
1392 2199 1413 2261 si
1428 2217 1462 2280 qu

358 2303 441 2366 forte
465 2303 499 2366 in
524 2303 662 2367 latibulo
688 2304 802 2366 avulsa
829 2304 947 2387 lapidis
977 2305 1159 2388 fragmenta
1183 2311 1322 2370 servent
1367 2305 1461 2380 Quae!

358 2410 486 2494 quando
511 2409 704 2494 prodierint,
733 2412 829 2475 etiam
859 2411 897 2474 de
921 2433 1128 2475 numerorum
1157 2412 1243 2476 notis
1267 2413 1399 2478 meliora
1417 2412 1462 2492 pul

358 2516 519 2580 docebunt
553 2537 650 2597 quam
683 2539 764 2600 quae
798 2518 862 2582 sibi
896 2518 983 2581 visus
1021 2521 1070 2581 cst
1102 2516 1282 2602 Dumegius
1318 2519 1462 2601 conspicer

359 2622 447 2698 Quae
480 2645 552 2686 cum
585 2621 679 2685 nihili
709 2624 775 2687 sint
805 2646 861 2706 per
891 2648 938 2708 sc,
972 2625 1190 2688 adversarium
1223 2629 1333 2690 autem
1364 2624 1463 2689 habear

305 2730 488 2794 vullarinii
517 2730 754 2814 testimonium,
789 2755 808 2795 a
836 2754 900 2815 quo
930 2737 962 2794 et
990 2726 1028 2796 (Ι)
1054 2733 1133 2796 etl
1163 2736 1213 2796 sat
1240 2737 1331 2797 recte
1357 2747 1463 2813 expres

358 2843 432 2903 sunt
455 2839 534 2901 item
558 2837 677 2901 vitiosa
702 2838 786 2921 apud
809 2839 1020 2922 Dumegium‚
1046 2839 1194 2902 dubitare
1217 2839 1286 2903 noli
1311 2844 1382 2924 quin
1402 2833 1462 2898 llari

357 2947 428 3010 nius
454 2946 552 3008 etiam
574 2939 608 3024 ᾧ
632 2965 704 3007 vere
729 2945 854 3030 legerit,
878 2967 958 3028 quae
982 2948 1059 3009 nota
1079 2945 1119 3009 ab
1145 2946 1318 3011 usitatiore
1335 2928 1382 3032 ὦ
1397 2945 1465 3026 figur

357 3053 452 3136 (quae
476 3053 548 3134 ipsa
571 3073 637 3114 non
663 3050 765 3114 defuit
789 3051 928 3116 Marinio
960 3052 994 3114 in
1018 3074 1160 3135 eaquae
1185 3053 1350 3135 praecedit
1371 3047 1465 3128 inscrip

357 3159 445 3221 tione
464 3156 749 3243 repraesentanda)
774 3159 952 3240 paullulum
972 3158 1088 3222 differt.
1117 3157 1162 3221 Vt
1176 3159 1214 3222 de
1229 3158 1394 3223 Nerinorum
1409 3145 1467 3219 lli

358 3262 436 3346 (uon
459 3265 573 3328 XXII
576 3275 587 3348 't
611 3264 736 3327 virilibus
759 3265 912 3346 LXXII,
940 3265 1057 3348 quibus
1087 3286 1167 3346 opus
1191 3267 1386 3346 constiterit,
1408 3259 1467 3324 nulla

357 3371 451 3433 nobis
480 3373 592 3435 relicta
622 3371 782 3435 dubitatio
811 3371 862 3434 sit.
910 3370 1002 3433 Vnde
1034 3391 1100 3433 non
1133 3393 1210 3434 sanc
1241 3393 1390 3456 magnum
1413 3381 1469 3448 opat

357 3476 468 3558 fuisse,
496 3480 581 3561 qnod
605 3484 735 3542 curator
759 3501 916 3560 aquarum
945 3499 961 3540 e
985 3477 1057 3560 lege
1080 3476 1216 3541 Visellia
1243 3477 1300 3542 ille
1324 3463 1469 3542 faciendam

357 3589 491 3666 curavit,
516 3585 654 3649 aliorum
679 3587 713 3648 in
731 3585 793 3649 hoc
812 3605 928 3667 genere
948 3584 1168 3666 exemplorum
1190 3585 1387 3669 comparatio
1404 3575 1469 3643 faia

358 3691 529 3774 persuadet
554 3691 608 3770 l‘cf.
632 3714 661 3774 p.
680 3691 769 3770 dlbl.

446 3797 569 3872 Quodsi
592 3798 630 3860 de
654 3801 832 3861 curatore
857 3819 1053 3880 aquarum,
1077 3798 1132 3880 qui
1156 3797 1279 3862 liberae
1302 3791 1465 3878 tempores.-

357 3906 402 3968 rci
426 3905 575 3988 publicae
600 3904 709 3987 fucrit,
738 3903 819 3967 nihil
850 3903 978 3967 aliunde
1008 3909 1155 3967 constare
1179 3904 1348 3969 obieceris:
1376 3907 1403 3964 at
1422 3915 1464 3960 nu

357 4013 430 4094 plus
454 4012 492 4075 de
516 4013 603 4075 illius
628 4013 744 4076 aetatis
769 4017 946 4076 curatore
976 4012 1123 4075 viarum
1147 4015 1290 4096 constat,
1312 4011 1392 4075 cuius
1411 4007 1463 4067 inu

446 4282 471 4334 *l
492 4278 636 4346 [Conferas
665 4295 736 4344 quac
761 4277 794 4331 dc
824 4279 875 4332 hac
902 4279 991 4331 forma
1015 4277 1143 4346 exposuit
1166 4275 1330 4332 Ritschelius
1356 4271 1380 4324 in
1401 4261 1452 4319 Pl

357 4365 393 4418 M.
415 4367 444 4421 l).
465 4367 559 4420 linarr.
580 4385 606 4434 p.
622 4374 655 4418 46
676 4370 704 4419 ct
725 4373 787 4432 105,
817 4371 845 4420 et
865 4367 952 4419 llusei
974 4365 1060 4418 ltlren.
1082 4368 1101 4419 t.
1120 4365 1197 4418 XXll
1222 4384 1249 4434 p.
1269 4369 1316 4418 61³
1334 4383 1372 4426 χν-
1390 4365 1452 4420 ’Ἰμ

357 4453 524 4524 lupera).
564 4456 665 4526 C.W.]
