3008 5118
334 364 398 427 248
553 379 807 426 lnrrrououmu
831 381 986 428 carrusa
1011 380 1267 429 coaouusrrrvu.

422 521 473 587 Ne
497 527 604 588 autem
628 527 754 588 tantam
780 523 904 588 scilieet
922 524 1087 589 licentiam
1107 525 1254 590 mutandi
1272 527 1442 608 demiremiui.

335 630 587 708 commilitones,
617 630 758 714 primum
786 634 949 716 reputate,
977 654 993 695 e
1018 631 1144 697 schedis
1174 656 1249 698 mss.
1276 634 1379 698 hausto
1397 633 1442 715 rpi-

335 737 508 822 grammati
533 742 650 802 testem
675 739 839 802 oculatum
863 743 993 822 praesto
1012 761 1177 824 maesse,
1201 741 1255 825 qui
1269 740 1357 804 fidem
1373 740 1445 804 iaciat

333 845 543 910 Fabrettiuno
567 847 722 930 exemplo.
758 845 819 911 Sed
838 868 878 910 ne
899 848 1101 912 oculatorum
1124 848 1259 913 testium
1277 847 1392 932 quidem
1410 869 1446 910 eo-

333 974 469 1037 rumque
492 953 555 1016 fide
578 975 710 1038 prorsus
734 951 905 1037 dignorum
930 953 1167 1037 auctoritatem,
1190 954 1218 1018 si
1241 954 1358 1038 sapitis,
1377 953 1447 1016 uinis

335 1059 568 1142 extimescens,
595 1059 664 1143 ubi,
693 1081 788 1142 quam
812 1060 909 1144 longe
931 1059 1139 1144 neglegentia
1161 1060 1305 1144 ipsorum
1327 1059 1448 1144 lapicida-

335 1188 406 1228 rum
430 1167 583 1249 patuerit,
608 1170 694 1230 recte
719 1171 751 1229 et
774 1187 846 1229 cum
870 1166 996 1230 ratione
1015 1167 1253 1250 perspexeritis.
1283 1166 1373 1232 Cuius
1393 1187 1448 1247 ueg-

335 1273 495 1355 legentiae
519 1273 553 1336 iu
577 1273 715 1354 privatis
739 1273 946 1356 potissimum
975 1274 1195 1338 monumentis
1223 1272 1310 1358 (nam
1335 1273 1448 1359 publico

336 1401 407 1442 rum
431 1378 516 1443 haud
540 1381 652 1463 paullo
676 1380 787 1464 dispar
810 1380 909 1464 ratio)
933 1402 1005 1444 cum
1030 1380 1094 1444 alia
1115 1385 1166 1444 sat
1185 1387 1272 1445 certa
1290 1382 1449 1460 documenta

335 1485 369 1548 iu
392 1491 546 1570 promptu
570 1492 658 1570 sunt,
686 1492 756 1552 tum
785 1509 850 1551 non
873 1487 1012 1552 certiora
1040 1488 1106 1552 illis
1130 1488 1247 1572 quibus
1270 1483 1447 1572 persuadendi

336 1579 402 1656 rim
431 1593 584 1658 metricae
612 1595 694 1678 legis
729 1594 908 1658 necessitas
943 1593 1049 1657 addat.
1095 1592 1195 1657 Velut
1226 1594 1260 1658 in
1290 1591 1449 1676 pervulgat·

336 1699 394 1762 illo
419 1700 503 1783 apud
522 1699 694 1764 Gruterum
718 1723 748 1783 p.
769 1700 841 1783 792,
863 1701 878 1762 1
900 1699 967 1783 (Or.
982 1698 1094 1784 4781),
1118 1699 1203 1783 quod
1222 1701 1360 1784 locuples
1379 1719 1449 1780 spou-

336 1828 390 1870 sor
412 1808 560 1871 veritatis
585 1806 725 1872 Smetius
750 1807 844 1870 vidit:

540 1939 706 2005 Hosprs
736 1975 741 1987 ·
772 1939 832 2004 AD
861 1975 868 1988 ·
896 1938 1020 2005 HVNO
1044 1976 1050 1988 ·
1074 1939 1291 2005 TVMVLVM

584 2043 644 2109 Na
665 2081 671 2091 ·
691 2043 828 2109 malus
848 2081 853 2092 ·
874 2044 980 2111 OSSA
1000 2081 1007 2096 ·
1026 2045 1292 2114 PRECANTVR

540 2149 694 2215 TECTA·
706 2151 891 2216 HOMINIS
907 2188 913 2201 ·
930 2152 1009 2218 SET
1024 2189 1030 2202 ·
1047 2151 1085 2217 SI
1100 2155 1291 2220 -GRATVS

584 2257 708 2323 HOMO
723 2294 730 2308 ·
746 2257 797 2323 Es
813 2295 819 2308 ·
835 2257 966 2324 Missa
983 2295 989 2308 ·
1005 2259 1106 2326 BIBE
1123 2296 1130 2311 ·
1145 2261 1206 2325 DA
1222 2298 1228 2309 ·
1244 2261 1292 2326 Ml

337 2394 407 2477 quis
428 2393 558 2457 taudem
579 2393 641 2456 sibi
660 2393 853 2478 persuadeat
871 2416 1039 2477 perperam
1057 2395 1207 2460 adsutum
1223 2397 1256 2461 in
1271 2397 1367 2462 altero
1380 2394 1447 2456 hera·

336 2503 440 2563 metro
466 2495 582 2585 ΜΨ)
608 2521 672 2563 uon
699 2499 868 2583 lapidatio,
896 2500 952 2564 sed
979 2506 1093 2585 poetae
1117 2502 1249 2568 deberi?
1288 2503 1344 2568 Vel
1370 2502 1445 2584 ipsuu

336 2607 476 2671 voluisse
499 2611 642 2689 poetam,
676 2606 760 2690 quod
788 2606 924 2671 incisum
955 2611 1005 2671 est
1033 2607 1244 2675 vitiosissime
1273 2612 1305 2675 in
1327 2609 1446 2674 Tarraco·

336 2715 429 2778 nensi
452 2713 549 2778 titulo
575 2714 615 2776 ab
641 2713 778 2795 losepho
798 2712 958 2778 Finestrio
983 2714 1157 2799 diligenter
1179 2721 1215 2781 ut
1239 2720 1366 2802 apparet
1385 2717 1445 2776 uan-

337 2822 469 2905 scripto,
493 2820 658 2905 publicato
683 2825 790 2884 autem
815 2819 1011 2885 allaiansio
1031 2823 1064 2884 in
1084 2821 1170 2887 Petri
1189 2823 1362 2888 Burmanni
1382 2842 1445 2905 pror·

336 2930 458 2993 l'atione
484 2927 705 3011 Anthologiae
730 2926 851 2994 latinae
879 2932 902 2991 t.
921 2928 952 2992 ll
977 2952 1007 3012 p.
1026 2928 1114 2993 XLV
1140 2927 1207 3016 (Or.
1227 2933 1314 2998 4815
1336 2931 1376 3014 [C.
1393 2923 1446 2992 ll

335 3035 368 3098 11
391 3033 570 3117 11.4137]);

497 3216 770 3231 ......
818 3166 926 3231 VIVE
951 3203 958 3216 ·
982 3169 1150 3234 Lnurvs

471 3271 639 3349 ovruva
669 3307 674 3318 ·
701 3271 820 3336 VlVlS
849 3307 855 3321 ·
881 3264 990 3338 VITA
1019 3311 1026 3324 ·
1055 3275 1202 3342 PAllVO
1231 3315 1238 3328 ·
1267 3279 1330 3343 lllV

470 3379 532 3443 NV
535 3378 555 3442 S
580 3414 586 3427 ·
612 3379 692 3443 EST
713 3415 719 3428 ·
740 3379 832 3444 MOX
855 3416 860 3428 ·
880 3380 1056 3446 Exulem
1082 3418 1088 3429 ·
1112 3383 1193 3448 EST
1218 3421 1223 3432 ·
1250 3384 1330 3452 SEN

424 3563 427 3568 .
470 3486 542 3549 sill
567 3521 574 3534 ·
600 3475 803 3551 VlGESClT
827 3523 833 3537 ·
858 3487 1028 3553 DEINDE
1054 3525 1059 3536 ·
1085 3489 1168 3554 SEN

472 3593 545 3658 Sllll
569 3629 576 3641 ·
601 3592 776 3658 DEFICIT

336 3728 499 3792 Nimirum
527 3728 582 3811 qui
605 3729 782 3811 perfectum
811 3731 1030 3814 septenarium
1059 3729 1147 3815 (nam
1176 3733 1322 3818 imperite
1348 3721 1442 3796 diurclri

337 3835 559 3898 describuntur
578 3834 692 3919 vulgo)
717 3835 851 3899 coudero
875 3836 966 3900 illum
985 3839 1092 3922 potuit
1111 3839 1206 3906 Viuo
1231 3842 1352 3906 laetus
1374 3833 1441 3921 quis·

337 3965 407 4026 que
439 3941 556 4006 uiuis:
594 3943 675 4005 uita
704 3941 888 4028 paruoprr)
921 3967 1055 4010 munus
1088 3953 1159 4031 est,
1191 3972 1256 4012 uon
1284 3941 1441 4032 potuitsiu

337 4048 484 4132 pudenda
508 4049 638 4112 inscitia
661 4051 837 4132 procudere
866 4052 1017 4117 alterum:
1044 4076 1111 4118 nou
1139 4056 1247 4140 potuit
1270 4057 1309 4120 ad
1331 4070 1440 4120 nurrrrro·

336 4179 408 4220 rum
432 4157 683 4222 concinnitatem
708 4163 760 4221 sot
785 4158 963 4242 simplicem
991 4163 1186 4227 seutentiam
1210 4164 1319 4228 eodem
1341 4153 1441 4225 astiti·

336 4284 498 4346 revocare,
527 4288 590 4347 quo
616 4288 652 4329 ex
678 4266 847 4329 oscitantis
871 4267 1021 4351 lapidarii
1047 4267 1160 4352 (nolite
1184 4269 1343 4354 dubitare)
1363 4283 1440 4351 perer

444 4405 452 4468 l
473 4375 541 4472 [SIT
566 4408 609 4458 est
631 4404 660 4457 iu
684 4405 778 4472 lapide
802 4408 874 4460 toste
897 4406 1107 4476 Kellermanno,
1136 4408 1171 4462 cf.
1192 4409 1309 4464 O.lal1u
1331 4409 1355 4462 in
1377 4397 1438 4458 annul.

337 4491 442 4560 antiqu.
463 4491 550 4546 Ithen.
570 4492 633 4546 Xlll
655 4497 745 4563 (1848)
765 4513 791 4564 p.
810 4501 866 4550 108.
905 4497 933 4550 C.
950 4496 1006 4567 W]
