3008 5118
320 358 384 421 262
505 366 508 371 “
544 374 591 418 oa
617 371 794 420 suuvuono
820 371 998 419 uvurouvu
1024 371 1241 419 ausemano,

319 540 338 579 a
362 516 522 600 principio
546 515 654 580 nullas
678 515 842 599 habuisse,
867 515 922 580 sed
946 538 964 579 a
989 514 1071 578 sexti
1091 513 1219 578 demum
1239 515 1321 579 exitu
1339 518 1429 581 saeedi

319 623 489 706 paullatim
514 623 681 688 ascivisse:
706 623 789 686 unde
814 644 878 687 non
902 626 952 686 est
976 623 1093 686 mirum
1116 621 1150 684 in
1174 621 1248 686 aliis
1265 623 1313 686 vel
1331 622 1376 686 diu
1393 623 1429 687 sel

320 751 446 812 semper
464 729 654 794 fluctuatum
676 752 761 814 esse,
784 729 818 793 in
839 729 910 794 aliis
929 729 1002 813 ipsa
1020 728 1077 792 illa
1097 729 1333 794 consuetudinis
1348 730 1431 794 iueou·

320 836 442 900 stantia
465 836 631 901 commode
655 860 747 900 usum
777 859 848 901 esse
872 858 1067 920 sermonem,
1095 859 1159 922 qua
1187 836 1331 901 consulto
1351 837 1432 900 etde

320 942 389 1007 dita
413 964 511 1026 opera
534 943 729 1008 discerneret
752 943 929 1008 ‘utilitatis'
953 965 1068 1008 caussa
1092 965 1173 1027 quae
1204 947 1317 1027 suapte
1338 943 1433 1028 origiue

320 1050 452 1114 minime
476 1050 615 1114 discreta
640 1055 756 1115 essent.
803 1051 894 1126 Quod
925 1071 1026 1134 genus
1056 1073 1150 1115 omne
1173 1049 1221 1114 ita
1245 1058 1434 1134 comparatum

320 1163 369 1220 est
392 1162 428 1220 ut
451 1158 546 1242 longe
571 1157 753 1221 clarissima
776 1157 864 1221 illinc
885 1157 940 1221 lux
960 1157 992 1220 in
1012 1157 1217 1241 quaestiones
1237 1159 1435 1241 grammaticas

320 1262 478 1347 plurimas
502 1263 666 1327 redundet.

408 1367 547 1434 Multum
581 1374 688 1434 autem
721 1370 855 1435 fallatur
889 1371 943 1454 qui
980 1370 1031 1434 his
1064 1370 1276 1455 cognatisque
1311 1369 1436 1453 exemplis
1499 1373 1502 1466 ᾗ

319 1478 511 1542 varietatem
539 1500 668 1542 omnem
697 1478 975 1543 seminandorum
1008 1478 1076 1541 sive
1105 1478 1138 1542 in
1166 1479 1231 1542 aas
1263 1476 1328 1540 sive
1353 1477 1380 1540 in
1404 1478 1437 1539 ius

320 1586 488 1648 nominum
517 1585 688 1669 gentilium
717 1584 901 1649 conclusam
929 1587 1030 1668 putet.
1069 1583 1165 1660 ‚Quae
1194 1588 1263 1650 tam
1290 1585 1350 1648 late
1371 1589 1438 1667 patet

321 1696 358 1756 ut
382 1692 434 1754 vix
457 1690 541 1755 ullos
566 1690 646 1754 fines
671 1690 799 1754 habeat.
836 1690 913 1755 Non
937 1679 1082 1774 equidem
1106 1693 1174 1756 ullo
1193 1692 1288 1756 modo
1308 1691 1438 1756 contendo

322 1803 456 1881 utraque
481 1797 585 1862 forma
609 1797 810 1882 singularum
833 1798 967 1862 nomina
986 1797 1131 1882 gentium
1151 1799 1257 1862 efferri
1276 1799 1366 1863 solita
1380 1821 1439 1876 esse,

322 1904 589 1988 quemadmodum
612 1927 671 1970 nee
691 1903 818 1969 Clodii
843 1905 965 1990 singuli
984 1905 1036 1969 vel
1055 1904 1177 1970 Plotii
1201 1906 1298 1991 etiam
1313 1903 1438 1969 Claudii

322 2015 353 2074 et
376 2010 524 2075 Plautii
553 2012 631 2075 dicti
661 2017 749 2076 sunt:
784 2011 838 2075 sed
861 2015 898 2076 ut
920 2012 1037 2076 horum
1064 2013 1196 2077 nomina
1218 1994 1285 2078 non
1308 2016 1376 2077 suut
1394 2011 1439 2074 ori·

321 2119 410 2203 gine,
442 2139 552 2181 verum
576 2140 635 2182 usu
660 2119 729 2182 solo
753 2118 893 2202 diversa,
921 2119 968 2183 ita
996 2119 1121 2203 origine
1149 2143 1208 2184 sua
1235 2141 1301 2184 uon
1322 2119 1439 2183 diversas

322 2246 393 2288 esse
416 2224 490 2288 illas
514 2224 761 2289 terminationes
785 2227 970 2309 pronuntio,
1000 2227 1244 2310 potuisseque
1267 2225 1440 2291 uniuscuius-

323 2355 384 2415 que
408 2332 515 2415 gentis
534 2353 651 2396 nomen
671 2354 710 2395 ex
733 2335 797 2396 -eia
818 2331 924 2398 forma
942 2334 1081 2398 transire
1101 2333 1134 2398 in
1158 2335 1225 2418 -a'o,
1249 2331 1440 2399 incredibilem
1489 2406 1494 2415 Ι

323 2438 543 2521 exemplorum
569 2439 811 2503 multitudinem
831 2440 908 2504 milri
928 2441 1119 2525 persuadere
1139 2441 1257 2525 patior.
1286 2439 1360 2516 Quis
1377 2437 1442 2503 enin
1488 2442 1497 2533 l

323 2565 443 2627 quaeso
474 2565 493 2607 a
521 2543 680 2627 principio
714 2544 869 2610 discretos
903 2544 1003 2610 fuisse
1036 2546 1144 2611 credet
1176 2548 1266 2613 velut
1296 2547 1354 2612 hos
1383 2567 1442 2628 quos
1489 2623 1497 2639 ἐ

323 2650 408 2713 infra
431 2650 537 2732 posui:
562 2650 756 2715 Abinaeos
783 2651 924 2736 (quaudo
949 2651 1028 2717 haec
1052 2675 1179 2738 quoque
1202 2654 1241 2718 ad
1265 2654 1348 2719 idem
1365 2673 1443 2738 genus
1491 2642 1497 2671 ¹

324 2757 485 2842 pertinere
510 2755 654 2843 constat)
679 2761 711 2821 et
735 2757 914 2842 Abinios,
937 2758 1098 2824 Aeteios
1123 2761 1273 2845 Aetios,
1296 2757 1443 2845 Agileios

326 2863 511 2950 iginius,
538 2865 710 2948 Agneios
739 2866 900 2952 Agnos,
932 2866 1062 2931 Aleios
1094 2868 1205 2932 Alios
1233 2867 1381 2932 Alleios
1401 2861 1444 2927 ll-

324 2973 412 3054 lios,
437 2971 590 3037 Ameios
616 2973 800 3057 Ammi0s‚
823 2972 998 3038 Ancaeos
1023 2975 1180 3058 Ancios,
1199 2973 1351 3040 Anneos
1373 2973 1446 3036 nne-

324 3079 383 3143 ios
407 3077 527 3142 Anios
551 3079 731 3143 Annaeos
752 3079 920 3144 Anneios
940 3081 1094 3145 Anneos
1114 3081 1275 3166 Annios,
1290 3078 1446 3145 Aniceios
1495 3104 1500 3123 =

326 3185 499 3266 Animos,
528 3185 698 3250 Antaeos
724 3186 883 3250 Anteios
914 3186 1065 3270 AntioS,
1094 3187 1272 3271 Appaeos
1303 3184 1447 3271 Appeios
1500 3204 1501 3265 j

328 3291 489 3375 AppioS,
514 3293 687 3377 Argaeos
712 3294 868 3378 ArgioS,
889 3293 1100 3358 Arunteios
1120 3293 1309 3358 Arantios
1328 3294 1448 3358 Arrun·
1500 3312 1501 3315 ¹

327 3399 417 3479 tios‚
451 3399 608 3462 Anteius
641 3400 791 3482 Areios,
825 3400 958 3464 Ateios
993 3399 1106 3464 Atios
1137 3400 1294 3466 Atteios
1325 3399 1447 3474 Aerios,

329 3504 502 3569 Ateleios
541 3506 723 3590 Atellios,
769 3506 925 3570 Atreios
968 3505 1116 3588 Atrine,
1155 3505 1299 3571 Aueios
1342 3505 1447 3578 dulos,

326 3613 516 3677 Bassaeos
541 3613 715 3696 Bassios‚
734 3611 904 3676 Belleios
928 3611 1090 3694 Bellios,
1115 3612 1277 3678 Bureios
1300 3611 1446 3677 Burrios.

328 3718 507 3784 Caleeios
528 3718 693 3803 CalciOS,
713 3717 871 3784 Careias
892 3718 1039 3803 Carios,
1060 3717 1263 3784 Casineios
1281 3717 1444 3792 Caunios,
1499 3711 1500 3714 ’

328 3825 478 3891 Celeios
512 3825 657 3907 (telios,
695 3822 855 3889 Coceios
889 3824 1072 3890 (locceios
1106 3825 1258 3910 (lectos,
1295 3822 1443 3891 Cosseios

328 3931 499 4014 Cossios‚
532 3931 760 4015 Crepereios
794 3930 1012 4017 Creperios,
1050 3931 1249 4016 Crispeios
1285 3930 1444 4014 crispius,

327 4039 523 4104 Donneios
566 4039 753 4117 Donnios,
795 4039 975 4103 Etcreios
1020 4038 1263 4126 (Hetereios)
1305 4037 1444 4110 Eterim,

327 4147 483 4210 Fereios
503 4145 648 4230 Furios,
668 4146 866 4211 l¹laeceios
887 4145 1076 4230 Flaceios‚
1100 4146 1281 4212 Flaueios
1300 4143 1444 4216 Flauias,

329 4252 482 4316 Foleios
515 4252 647 4318 Folios
681 4253 845 4337 Follios,
878 4251 1043 4316 Geneios
1075 4252 1259 4337 Geunios,
1292 4248 1444 4318 Hatreios

330 4358 504 4440 llatrios,
540 4358 697 4422 Heleios
725 4359 875 4442 Halios,
908 4359 1081 4424 Horaeos
1110 4359 1267 4444 Hori0s‚
1299 4359 1444 4424 Irinaeos

329 4460 487 4544 Irinios‚
529 4462 650 4528 lteios
684 4463 796 4546 ltios‚
837 4465 1042 4530 luuaneios
1075 4465 1273 4550 quanios,
1312 4461 1443 4532 Keteios
