3008 5118
286 389 407 439 roseis
431 389 627 438 servanus
652 386 886 436 srrcmncrvn.
1091 367 1153 432 301

33 557 133 618 eosque
158 556 195 598 ex
226 538 319 617 parte
347 555 462 616 parum
491 532 608 615 bonos,
641 555 658 598 e
687 529 845 595 Gelliauis
878 527 954 593 libri
983 524 1157 592 Catoniani

32 639 208 705 testimoniis
231 643 324 704 tanta
347 639 477 704 licentia
506 639 662 722 effingens
686 641 839 723 quantam
871 655 1003 720 prorsus
1027 632 1159 698 damnet

33 749 95 811 artis
118 747 279 812 severitas.
316 745 354 812 Id
378 768 443 810 non
465 745 552 830 fugit
575 765 713 829 magnae
736 743 840 808 virum
865 741 1069 807 auctoritatis
1085 739 1157 804 Au·

32 857 165 938 gustum
188 851 440 934 Boeckbium,
463 851 501 916 de
525 850 636 918 eodem
657 853 849 934 argumento
868 869 971 932 nuper
991 847 1158 931 disputan-

32 967 83 1024 tem
103 961 134 1024 in
149 959 240 1024 Actis
263 959 447 1024 academiae
471 959 578 1044 regiae
595 955 813 1022 Berolinensis
833 957 953 1020 mensis
972 952 1060 1018 Maii.
1093 953 1157 1016 Vbi
1174 971 1185 1012 τ

31 1065 173 1150 quantivis
196 1064 355 1130 acuminis
382 1085 503 1128 novum
526 1063 755 1128 documentum
784 1061 833 1124 vir
860 1061 1011 1126 laudibus
1038 1059 1159 1127 nostris

32 1173 116 1236 maior
133 1171 283 1254 ediderit,
305 1175 414 1236 tamen
437 1191 497 1235 nec
520 1169 567 1234 rei
591 1189 764 1252 summam,
788 1167 981 1252 septenariis
1001 1165 1158 1232 Catonem

31 1277 212 1361 praecepisse
227 1275 267 1340 de
283 1275 436 1358 moribus,
455 1274 618 1359 persuasit
637 1295 695 1338 nec
712 1273 843 1358 singula
857 1273 905 1338 ita
919 1271 1159 1338 administravit

31 1390 144 1447 utnon
175 1382 209 1446 in
243 1381 486 1447 conformandis
519 1385 552 1446 et
584 1379 729 1448 versibus
763 1385 796 1444 et
824 1381 994 1446 sententiis
1023 1383 1056 1443 et
1086 1400 1160 1442 con-

30 1489 245 1554 structionibus
269 1487 466 1572 aliquotiens
490 1488 539 1551 rel
566 1485 811 1570 simplicitatem
829 1485 881 1550 rel
901 1486 980 1551 adeo
1000 1485 1158 1552 rationem

30 1596 179 1660 desideres.
229 1593 302 1660 Nec
328 1593 409 1658 illud
437 1615 503 1658 non
530 1593 686 1657 miramur
715 1593 893 1676 paullulum
926 1613 995 1674 cur,
1027 1591 1081 1677 qui
1109 1593 1160 1656 vel

30 1701 161 1768 addendis
185 1701 239 1766 vel
265 1699 428 1764 mutandis
448 1699 584 1784 syllabis
604 1698 778 1764 vocibusve
797 1700 923 1762 tantum
939 1698 1003 1762 sibi
1021 1699 1161 1782 sumpsit

31 1815 176 1892 qnantum,
200 1807 257 1892 qui
281 1805 486 1872 librariorum
511 1806 544 1870 in
568 1827 606 1870 eo
627 1827 745 1892 genere
764 1803 944 1869 socordiam
964 1827 1022 1869 usu
1042 1825 1159 1890 cogno·

32 1915 130 1999 rimus,
162 1935 355 1980 concessum
383 1935 453 1978 esse
480 1917 632 1996 putamus
657 1933 784 1988 omnes,
817 1915 926 1976 tamen
954 1934 1053 1976 unum
1080 1911 1159 1976 illud

32 2040 115 2103 genus
138 2019 383 2102 emendationis,
407 2018 492 2105 quod
516 2025 549 2084 et
572 2019 636 2085 leni
660 2023 693 2082 et
716 2017 841 2082 niodica
864 2017 1042 2082 vicinarum
1064 2039 1158 2082 vocu-

31 2129 117 2193 larum
138 2126 395 2212 transpositione
425 2127 620 2210 continetur,
653 2125 701 2190 ita
729 2123 838 2190 dedita
866 2147 964 2210 opera
991 2109 1161 2208 delegerit,

32 2235 107 2318 quasi
128 2237 162 2301 in
184 2236 273 2302 hano
295 2235 421 2318 partem
445 2233 548 2298 eidem
567 2233 617 2297 illi
636 2254 811 2318 numquam
830 2231 1003 2318 peccarint.
1030 2230 1159 2296 Tertius

31 2341 175 2408 insecutus
198 2345 250 2407 est
270 2339 455 2405 Alfredus
479 2335 755 2404 Fleckeisenus
779 2343 914 2404 noster
935 2337 1031 2403 editis
1051 2359 1162 2402 mense

32 2444 200 2530 Septembre
225 2453 260 2512 et
286 2447 453 2532 eleganter
476 2451 512 2510 nt
535 2446 619 2512 solet
640 2445 806 2511 adornatis
826 2443 1036 2511 ‘Catonianae
1054 2445 1162 2530 poesis

31 2553 169 2638 reliquiis'
199 2553 409 2620 Francofurti
439 2552 478 2618 ad
507 2551 670 2619 Moenum.
720 2553 806 2628 Quas
834 2553 892 2619 ille
920 2553 1046 2638 aliquot
1074 2551 1160 2637 frag·

32 2664 193 2726 mentorum
225 2661 412 2728 accessione
450 2663 562 2726 auctas
599 2663 695 2744 (quae
728 2661 903 2726 maximam
938 2665 1063 2744 partem
1096 2659 1160 2724 iam

33 2762 107 2831 Otto
127 2768 290 2834 Iahnius
315 2767 469 2850 tetigerat
492 2767 525 2831 in
541 2765 634 2832 Actis
653 2767 820 2832 societatis
835 2765 1012 2832 Saronicus
1030 2789 1058 2831 a.
1077 2766 1162 2830 1850

33 2893 55 2953 p.
70 2874 127 2938 263
145 2873 228 2963 sqq.)
258 2897 330 2942 cnm
364 2895 448 2940 novo
479 2874 656 2959 subtilique
683 2875 814 2940 invento
843 2873 989 2938 versibus
1013 2871 1161 2938 Sotadeis

34 2977 192 3047 describere
219 2981 378 3064 instituit,
414 2981 593 3046 mutatione
623 2980 750 3064 quidem
780 2980 915 3046 subinde
942 2979 1162 3064 probabiliore

34 3106 112 3166 quam
127 3087 310 3155 Boeckhius
333 3109 401 3152 rem
425 3087 598 3172 expedivit,
621 3087 677 3153 sed
700 3091 808 3152 tamen
833 3091 870 3152 ut
891 3107 950 3151 nec
972 3085 1006 3152 in
1025 3086 1162 3172 singulis

35 3190 122 3258 desint
147 3217 228 3280 quae
258 3193 453 3280 displiceant
480 3193 584 3279 (velut
611 3217 723 3280 parum
752 3195 803 3258 rel
828 3195 992 3279 eleganter
1021 3193 1073 3258 vel
1097 3193 1161 3258 nsi·

35 3299 87 3362 ete
107 3301 138 3365 in
156 3303 244 3368 exitu
268 3324 381 3367 versus
405 3301 590 3367 conlocatae
612 3303 642 3368 si
664 3321 717 3367 sea
739 3301 926 3386 particulae,
949 3301 983 3365 in
1001 3301 1161 3386 principio

37 3425 57 3466 v.
72 3405 106 3470 21
129 3407 197 3492 cst),
221 3430 282 3474 nec
305 3409 338 3474 id
361 3409 477 3492 ipsum,
500 3409 585 3494 quod
610 3412 660 3473 est
678 3407 918 3493 gravissimum,
941 3407 1073 3472 anobis
1093 3407 1162 3492 qui·

36 3507 92 3574 dem
113 3513 306 3600 impetrarit,
334 3519 426 3580 utet
449 3513 607 3580 Sotadeos
637 3518 669 3578 et
691 3513 774 3580 tales
798 3511 955 3579 Sotadeos
979 3537 999 3579 a
1022 3512 1065 3577 M.
1092 3533 1162 3577 esse
1186 3571 1189 3577 .

38 3611 139 3686 Catone
169 3621 273 3688 factos
306 3643 377 3686 cnm
410 3621 520 3706 aliqua
551 3621 647 3686 nobis
680 3621 875 3686 confidentia
903 3619 1163 3705 persuadeamus.

38 3717 138 3790 lerum
155 3725 230 3811 hoe,
258 3727 449 3792 cuicuimodi
473 3731 540 3812 cst,
572 3727 606 3792 in
630 3727 794 3812 praesenti
823 3749 888 3792 non
911 3727 1074 3808 insistam,
1107 3725 1162 3789 sed

39 3825 241 3898 Saturniorum
266 3833 374 3918 potius
404 3855 549 3902 meorum
578 3834 757 3917 exemplum
781 3855 973 3918 proponam,
1001 3853 1162 3916 quocum

40 3929 171 4003 Boeckhii
189 3937 454 4025 Fleckeisenique
476 3939 633 4024 exemplis
658 3939 727 4004 sine
751 3939 859 4005 studio
883 3943 917 4003 et
939 3936 1060 4002 invidia
1078 3959 1162 4003 ccm-

41 4049 134 4119 parato
154 4047 325 4130 uuicuique
347 4045 485 4111 liberum
509 4045 661 4112 iudicium
685 4049 770 4129 esto,
798 4067 896 4130 penes
921 4065 1015 4128 quem
1039 4047 1072 4109 et
1095 4067 1163 4109 mu-

42 4147 114 4212 tandi
131 4151 318 4216 modestiam
339 4155 371 4216 et
385 4173 536 4216 uersuum
552 4151 802 4217 concinnitatem
826 4149 980 4214 maiorem
995 4154 1163 4236 agnoscat.

43 4247 277 4323 Coucmnitatem
301 4261 408 4322 autern
433 4280 504 4324 eam
528 4259 735 4344 potissimum
754 4258 835 4342 dico,
858 4280 940 4343 quae
959 4257 994 4322 in
1012 4279 1164 4324 versuum

44 4361 311 4450 sententiarumque
332 4364 458 4431 ambitu
477 4371 552 4450 apte
572 4369 815 4450 opportmieque
835 4365 1041 4451 exaequando
1062 4367 1163 4432 cerni·

44 4461 93 4526 tur.
131 4465 240 4551 ltaque
262 4469 559 4538 Fleckeisenianum
587 4471 732 4539 ordinem
761 4473 994 4539 sententiarum
1023 4474 1070 4538 ita
1097 4473 1163 4538 lere
