<?xml version="1.0" encoding="UTF-8"?>
<!DOCTYPE html PUBLIC "-//W3C//DTD XHTML 1.0 Transitional//EN"
    "http://www.w3.org/TR/xhtml1/DTD/xhtml1-transitional.dtd">
<html xmlns="http://www.w3.org/1999/xhtml" xml:lang="en" lang="en">
 <head>
  <title>
</title>
<meta http-equiv="Content-Type" content="text/html;charset=utf-8" />
  <meta name='ocr-system' content='tesseract 3.04.00' />
  <meta name='ocr-capabilities' content='ocr_page ocr_carea ocr_par ocr_line ocrx_word'/>
</head>
<body>
  <div class='ocr_page' id='page_1' title='image "./fridericiritsch03ritsgoog_0589.png"; bbox 0 0 2972 5120; ppageno 0'>
   <div class='ocr_carea' id='block_1_1' title="bbox 294 347 1196 411">
    <p class='ocr_par' dir='ltr' id='par_1_1' title="bbox 294 347 1196 411">
     <span class='ocr_line' id='line_1_1' title="bbox 294 347 1196 411; baseline -0.003 0"><span class='ocrx_word' id='word_1_1' title='bbox 294 347 356 411; x_wconf 74' lang='lat'>552</span> <span class='ocrx_word' id='word_1_2' title='bbox 528 362 671 409; x_wconf 69' lang='lat' dir='ltr'>cursona</span> <span class='ocrx_word' id='word_1_3' title='bbox 696 362 921 408; x_wconf 78' lang='lat' dir='ltr'>usrrsrrsrrs</span> <span class='ocrx_word' id='word_1_4' title='bbox 946 362 1196 408; x_wconf 78' lang='lat' dir='ltr'>surossrurcnu</span> 
     </span>
    </p>
   </div>
   <div class='ocr_carea' id='block_1_2' title="bbox 293 500 1479 1016">
    <p class='ocr_par' dir='ltr' id='par_1_2' title="bbox 293 500 1396 588">
     <span class='ocr_line' id='line_1_2' title="bbox 293 500 1396 588; baseline -0.002 -18"><span class='ocrx_word' id='word_1_5' title='bbox 293 505 402 570; x_wconf 87' lang='lat' dir='ltr'>cadem</span> <span class='ocrx_word' id='word_1_6' title='bbox 426 505 645 570; x_wconf 72' lang='lat' dir='ltr'>inconstantia</span> <span class='ocrx_word' id='word_1_7' title='bbox 672 503 706 568; x_wconf 91' lang='lat' dir='ltr'>in</span> <span class='ocrx_word' id='word_1_8' title='bbox 729 504 940 568; x_wconf 83' lang='lat' dir='ltr'>Heracleonis</span> <span class='ocrx_word' id='word_1_9' title='bbox 969 508 1093 568; x_wconf 77' lang='lat' dir='ltr'><strong>tessera</strong></span> <span class='ocrx_word' id='word_1_10' title='bbox 1121 506 1265 588; x_wconf 87' lang='lat' dir='ltr'>scriptum</span> <span class='ocrx_word' id='word_1_11' title='bbox 1288 511 1329 568; x_wconf 83' lang='lat' dir='ltr'>est</span> <span class='ocrx_word' id='word_1_12' title='bbox 1349 500 1396 568; x_wconf 66' lang='grc' dir='ltr'>ΒΡ</span> 
     </span>
    </p>

    <p class='ocr_par' dir='ltr' id='par_1_3' title="bbox 293 607 1479 1016">
     <span class='ocr_line' id='line_1_3' title="bbox 293 607 1479 697; baseline -0.001 -22"><span class='ocrx_word' id='word_1_13' title='bbox 293 616 325 675; x_wconf 86' lang='lat' dir='ltr'>et</span> <span class='ocrx_word' id='word_1_14' title='bbox 348 611 452 692; x_wconf 84' lang='grc' dir='ltr'>ΡΟΜ,</span> <span class='ocrx_word' id='word_1_15' title='bbox 475 613 511 675; x_wconf 92' lang='lat' dir='ltr'>in</span> <span class='ocrx_word' id='word_1_16' title='bbox 534 611 695 676; x_wconf 86' lang='lat' dir='ltr'>Vaticana</span> <span class='ocrx_word' id='word_1_17' title='bbox 718 634 748 694; x_wconf 89' lang='lat' dir='ltr'>p.</span> <span class='ocrx_word' id='word_1_18' title='bbox 771 612 833 675; x_wconf 74' lang='lat'>196</span> <span class='ocrx_word' id='word_1_19' title='bbox 857 635 887 676; x_wconf 92' lang='lat' dir='ltr'>n.</span> <span class='ocrx_word' id='word_1_20' title='bbox 908 611 971 675; x_wconf 79' lang='grc'>729</span> <span class='ocrx_word' id='word_1_21' title='bbox 997 607 1175 676; x_wconf 73' lang='grc' dir='ltr'>ΡΒΟΟΙΙᾸ</span> <span class='ocrx_word' id='word_1_22' title='bbox 1201 618 1231 676; x_wconf 90' lang='lat' dir='ltr'>et</span> <span class='ocrx_word' id='word_1_23' title='bbox 1250 611 1399 676; x_wconf 76' lang='lat' dir='ltr'>PllthR·</span> <span class='ocrx_word' id='word_1_24' title='bbox 1474 663 1479 697; x_wconf 30' lang='grc' dir='ltr'><em>Δ</em></span> 
     </span>
     <span class='ocr_line' id='line_1_4' title="bbox 293 716 1479 802; baseline -0.002 -19"><span class='ocrx_word' id='word_1_25' title='bbox 293 718 423 800; x_wconf 87' lang='lat' dir='ltr'><strong>GVRV,</strong></span> <span class='ocrx_word' id='word_1_26' title='bbox 452 716 510 802; x_wconf 63' lang='grc' dir='ltr'>ΒΡ,</span> <span class='ocrx_word' id='word_1_27' title='bbox 538 719 607 782; x_wconf 84' lang='grc' dir='ltr'>ΑΡ;</span> <span class='ocrx_word' id='word_1_28' title='bbox 636 717 726 801; x_wconf 85' lang='lat' dir='ltr'>(riam</span> <span class='ocrx_word' id='word_1_29' title='bbox 749 720 784 783; x_wconf 94' lang='lat' dir='ltr'>in</span> <span class='ocrx_word' id='word_1_30' title='bbox 807 719 869 782; x_wconf 89' lang='lat' dir='ltr'>hoc</span> <span class='ocrx_word' id='word_1_31' title='bbox 893 740 1011 802; x_wconf 83' lang='lat' dir='ltr'>genere</span> <span class='ocrx_word' id='word_1_32' title='bbox 1034 719 1152 782; x_wconf 89' lang='lat' dir='ltr'>mirum</span> <span class='ocrx_word' id='word_1_33' title='bbox 1179 742 1239 784; x_wconf 89' lang='lat' dir='ltr'>uon</span> <span class='ocrx_word' id='word_1_34' title='bbox 1264 723 1305 783; x_wconf 88' lang='lat' dir='ltr'>est</span> <span class='ocrx_word' id='word_1_35' title='bbox 1327 721 1403 801; x_wconf 74' lang='lat' dir='ltr'>typis</span> <span class='ocrx_word' id='word_1_36' title='bbox 1475 716 1479 772; x_wconf 82' lang='lat'>&#39;1</span> 
     </span>
     <span class='ocr_line' id='line_1_5' title="bbox 293 822 1404 910; baseline -0.001 -22"><span class='ocrx_word' id='word_1_37' title='bbox 293 847 444 908; x_wconf 84' lang='lat' dir='ltr'>expressa</span> <span class='ocrx_word' id='word_1_38' title='bbox 463 825 612 909; x_wconf 80' lang='lat' dir='ltr'>exempla</span> <span class='ocrx_word' id='word_1_39' title='bbox 630 825 742 888; x_wconf 85' lang='lat' dir='ltr'>tallere</span> <span class='ocrx_word' id='word_1_40' title='bbox 757 822 893 910; x_wconf 70' lang='lat' dir='ltr'>omnim)</span> <span class='ocrx_word' id='word_1_41' title='bbox 912 825 989 889; x_wconf 83' lang='lat' dir='ltr'>item</span> <span class='ocrx_word' id='word_1_42' title='bbox 1009 825 1196 890; x_wconf 84' lang='lat' dir='ltr'>inMedicea</span> <span class='ocrx_word' id='word_1_43' title='bbox 1212 849 1241 910; x_wconf 92' lang='lat' dir='ltr'>p.</span> <span class='ocrx_word' id='word_1_44' title='bbox 1253 826 1303 890; x_wconf 75' lang='grc'>197</span> <span class='ocrx_word' id='word_1_45' title='bbox 1316 826 1404 888; x_wconf 62' lang='lat' dir='ltr'>naa-2</span> 
     </span>
     <span class='ocr_line' id='line_1_6' title="bbox 294 930 862 1016; baseline -0.004 -20"><span class='ocrx_word' id='word_1_46' title='bbox 294 933 396 1014; x_wconf 83' lang='lat' dir='ltr'>[Tess.</span> <span class='ocrx_word' id='word_1_47' title='bbox 420 932 505 1016; x_wconf 84' lang='lat' dir='ltr'><strong>glad.</strong></span> <span class='ocrx_word' id='word_1_48' title='bbox 528 955 558 995; x_wconf 93' lang='lat' dir='ltr'>n.</span> <span class='ocrx_word' id='word_1_49' title='bbox 574 933 626 1015; x_wconf 79' lang='lat'>21,</span> <span class='ocrx_word' id='word_1_50' title='bbox 649 931 714 994; x_wconf 90' lang='lat' dir='ltr'>tab.</span> <span class='ocrx_word' id='word_1_51' title='bbox 734 930 783 994; x_wconf 89' lang='grc' dir='ltr'>ΙΙΙ</span> <span class='ocrx_word' id='word_1_52' title='bbox 798 932 862 1010; x_wconf 76' lang='lat' dir='ltr'>El:</span> 
     </span>
    </p>
   </div>
   <div class='ocr_carea' id='block_1_3' title="bbox 666 1379 1070 1633">
    <p class='ocr_par' dir='ltr' id='par_1_4' title="bbox 666 1379 1070 1633">
     <span class='ocr_line' id='line_1_7' title="bbox 683 1379 1070 1483; baseline 0.003 -1"><span class='ocrx_word' id='word_1_53' title='bbox 683 1379 1070 1483; x_wconf 67' lang='lat' dir='ltr'>scansus-oo</span> 
     </span>
     <span class='ocr_line' id='line_1_8' title="bbox 666 1529 1049 1633; baseline 0.005 -2"><span class='ocrx_word' id='word_1_54' title='bbox 666 1529 734 1631; x_wconf 66' lang='grc' dir='ltr'>ἶ.</span> <span class='ocrx_word' id='word_1_55' title='bbox 756 1529 979 1633; x_wconf 62' lang='lat' dir='ltr'>nou-m</span> <span class='ocrx_word' id='word_1_56' title='bbox 1039 1531 1049 1534; x_wconf 56' lang='grc'><strong>’</strong></span> 
     </span>
    </p>
   </div>
   <div class='ocr_carea' id='block_1_4' title="bbox 296 1745 1481 2130">
    <p class='ocr_par' dir='ltr' id='par_1_5' title="bbox 296 1745 1481 2130">
     <span class='ocr_line' id='line_1_9' title="bbox 297 1745 1480 1834; baseline -0.003 -22"><span class='ocrx_word' id='word_1_57' title='bbox 297 1751 343 1812; x_wconf 84' lang='lat' dir='ltr'>sic</span> <span class='ocrx_word' id='word_1_58' title='bbox 367 1749 451 1812; x_wconf 84' lang='lat' dir='ltr'>enim</span> <span class='ocrx_word' id='word_1_59' title='bbox 474 1747 558 1810; x_wconf 87' lang='lat' dir='ltr'>hanc</span> <span class='ocrx_word' id='word_1_60' title='bbox 589 1770 720 1829; x_wconf 86' lang='lat' dir='ltr'>prorsus</span> <span class='ocrx_word' id='word_1_61' title='bbox 750 1748 790 1811; x_wconf 86' lang='lat' dir='ltr'>ad</span> <span class='ocrx_word' id='word_1_62' title='bbox 821 1749 992 1812; x_wconf 87' lang='lat' dir='ltr'>veritatem</span> <span class='ocrx_word' id='word_1_63' title='bbox 1024 1755 1374 1834; x_wconf 79' lang='lat' dir='ltr'>repraesentaveramus</span> <span class='ocrx_word' id='word_1_64' title='bbox 1396 1745 1421 1808; x_wconf 83' lang='lat' dir='ltr'>P.</span> <span class='ocrx_word' id='word_1_65' title='bbox 1474 1748 1480 1821; x_wconf 70' lang='grc' dir='ltr'>ζ</span> 
     </span>
     <span class='ocr_line' id='line_1_10' title="bbox 297 1853 1479 1940; baseline -0.004 -21"><span class='ocrx_word' id='word_1_66' title='bbox 297 1856 330 1919; x_wconf 87' lang='lat' dir='ltr'>L.</span> <span class='ocrx_word' id='word_1_67' title='bbox 355 1854 397 1918; x_wconf 88' lang='lat' dir='ltr'>M.</span> <span class='ocrx_word' id='word_1_68' title='bbox 422 1855 458 1916; x_wconf 87' lang='grc' dir='ltr'>Ε.</span> <span class='ocrx_word' id='word_1_69' title='bbox 487 1854 551 1916; x_wconf 91' lang='lat' dir='ltr'>tab.</span> <span class='ocrx_word' id='word_1_70' title='bbox 576 1853 690 1930; x_wconf 84' lang='lat' dir='ltr'><strong>HJK,</strong></span> <span class='ocrx_word' id='word_1_71' title='bbox 728 1854 788 1918; x_wconf 92' lang='lat' dir='ltr'>hoc</span> <span class='ocrx_word' id='word_1_72' title='bbox 822 1861 871 1919; x_wconf 87' lang='lat' dir='ltr'>est</span> <span class='ocrx_word' id='word_1_73' title='bbox 908 1855 977 1920; x_wconf 89' lang='lat' dir='ltr'>siue</span> <span class='ocrx_word' id='word_1_74' title='bbox 1011 1856 1058 1920; x_wconf 87' lang='lat' dir='ltr'>eis</span> <span class='ocrx_word' id='word_1_75' title='bbox 1091 1854 1321 1940; x_wconf 73' lang='lat' dir='ltr'>supplementis</span> <span class='ocrx_word' id='word_1_76' title='bbox 1353 1873 1421 1936; x_wconf 78' lang='lat' dir='ltr'>quae</span> <span class='ocrx_word' id='word_1_77' title='bbox 1475 1904 1479 1914; x_wconf 94' lang='lat'>.</span> 
     </span>
     <span class='ocr_line' id='line_1_11' title="bbox 296 1959 1481 2044; baseline -0.002 -21"><span class='ocrx_word' id='word_1_78' title='bbox 296 1961 449 2025; x_wconf 88' lang='lat' dir='ltr'>loannem</span> <span class='ocrx_word' id='word_1_79' title='bbox 474 1959 596 2024; x_wconf 83' lang='lat' dir='ltr'>Lahuur</span> <span class='ocrx_word' id='word_1_80' title='bbox 622 1960 781 2024; x_wconf 80' lang='lat' dir='ltr'>incautius</span> <span class='ocrx_word' id='word_1_81' title='bbox 806 1965 934 2025; x_wconf 80' lang='lat' dir='ltr'>secutus</span> <span class='ocrx_word' id='word_1_82' title='bbox 957 1965 1087 2044; x_wconf 86' lang='lat' dir='ltr'>praeter</span> <span class='ocrx_word' id='word_1_83' title='bbox 1110 1962 1282 2026; x_wconf 84' lang='lat' dir='ltr'>veritatem</span> <span class='ocrx_word' id='word_1_84' title='bbox 1303 1959 1423 2024; x_wconf 86' lang='lat' dir='ltr'>Momm·</span> <span class='ocrx_word' id='word_1_85' title='bbox 1475 2018 1481 2035; x_wconf 69' lang='grc'><strong>,</strong></span> 
     </span>
     <span class='ocr_line' id='line_1_12' title="bbox 297 2064 1480 2130; baseline -0.003 0"><span class='ocrx_word' id='word_1_86' title='bbox 297 2090 391 2130; x_wconf 81' lang='lat' dir='ltr'>senus</span> <span class='ocrx_word' id='word_1_87' title='bbox 416 2067 547 2130; x_wconf 86' lang='lat' dir='ltr'>addidit.</span> <span class='ocrx_word' id='word_1_88' title='bbox 1476 2064 1480 2077; x_wconf 88' lang='lat'>&#39;</span> 
     </span>
    </p>
   </div>
   <div class='ocr_carea' id='block_1_5' title="bbox 297 2384 1431 2792">
    <p class='ocr_par' dir='ltr' id='par_1_6' title="bbox 297 2384 1431 2792">
     <span class='ocr_line' id='line_1_13' title="bbox 386 2384 1428 2469; baseline 0 -21"><span class='ocrx_word' id='word_1_89' title='bbox 386 2384 461 2449; x_wconf 92' lang='lat' dir='ltr'>Non</span> <span class='ocrx_word' id='word_1_90' title='bbox 485 2385 691 2450; x_wconf 83' lang='lat' dir='ltr'>iniucundum</span> <span class='ocrx_word' id='word_1_91' title='bbox 716 2387 784 2450; x_wconf 88' lang='lat' dir='ltr'>fore</span> <span class='ocrx_word' id='word_1_92' title='bbox 807 2387 923 2450; x_wconf 75' lang='lat' dir='ltr'>tertiae</span> <span class='ocrx_word' id='word_1_93' title='bbox 947 2391 1089 2452; x_wconf 87' lang='lat' dir='ltr'>tesserae</span> <span class='ocrx_word' id='word_1_94' title='bbox 1109 2389 1143 2452; x_wconf 87' lang='lat' dir='ltr'><em>E</em></span> <span class='ocrx_word' id='word_1_95' title='bbox 1164 2390 1316 2454; x_wconf 89' lang='lat' dir='ltr'>notitiam</span> <span class='ocrx_word' id='word_1_96' title='bbox 1341 2389 1428 2469; x_wconf 86' lang='lat' dir='ltr'>suspi-</span> 
     </span>
     <span class='ocr_line' id='line_1_14' title="bbox 297 2492 1429 2580; baseline -0.002 -24"><span class='ocrx_word' id='word_1_97' title='bbox 297 2515 416 2576; x_wconf 85' lang='lat' dir='ltr'>camur,</span> <span class='ocrx_word' id='word_1_98' title='bbox 447 2514 542 2576; x_wconf 90' lang='lat' dir='ltr'>quam</span> <span class='ocrx_word' id='word_1_99' title='bbox 567 2492 599 2555; x_wconf 92' lang='lat' dir='ltr'>in</span> <span class='ocrx_word' id='word_1_100' title='bbox 625 2493 778 2556; x_wconf 84' lang='lat' dir='ltr'>thesauro</span> <span class='ocrx_word' id='word_1_101' title='bbox 801 2493 984 2558; x_wconf 89' lang='lat' dir='ltr'>nummario</span> <span class='ocrx_word' id='word_1_102' title='bbox 1008 2495 1257 2580; x_wconf 87' lang='lat' dir='ltr'>antiquarioque</span> <span class='ocrx_word' id='word_1_103' title='bbox 1281 2494 1429 2559; x_wconf 82' lang='lat' dir='ltr'>Vindobo-</span> 
     </span>
     <span class='ocr_line' id='line_1_15' title="bbox 298 2599 1430 2683; baseline -0.001 -20"><span class='ocrx_word' id='word_1_104' title='bbox 298 2601 388 2663; x_wconf 89' lang='lat' dir='ltr'>ncnsi</span> <span class='ocrx_word' id='word_1_105' title='bbox 413 2604 573 2663; x_wconf 86' lang='lat' dir='ltr'>servatam</span> <span class='ocrx_word' id='word_1_106' title='bbox 593 2600 784 2683; x_wconf 85' lang='lat' dir='ltr'>Iosephus</span> <span class='ocrx_word' id='word_1_107' title='bbox 809 2600 855 2662; x_wconf 89' lang='lat' dir='ltr'>ab</span> <span class='ocrx_word' id='word_1_108' title='bbox 876 2599 1023 2664; x_wconf 89' lang='lat' dir='ltr'>Arneth</span> <span class='ocrx_word' id='word_1_109' title='bbox 1048 2604 1081 2664; x_wconf 88' lang='lat' dir='ltr'>et</span> <span class='ocrx_word' id='word_1_110' title='bbox 1103 2601 1326 2665; x_wconf 82' lang='lat' dir='ltr'>Fridericus</span> <span class='ocrx_word' id='word_1_111' title='bbox 1345 2600 1430 2663; x_wconf 79' lang='lat' dir='ltr'>lieu·</span> 
     </span>
     <span class='ocr_line' id='line_1_16' title="bbox 299 2706 1431 2792; baseline 0.005 -22"><span class='ocrx_word' id='word_1_112' title='bbox 299 2730 364 2770; x_wconf 84' lang='lat' dir='ltr'>ner</span> <span class='ocrx_word' id='word_1_113' title='bbox 391 2707 622 2770; x_wconf 82' lang='lat' dir='ltr'>humanissime</span> <span class='ocrx_word' id='word_1_114' title='bbox 651 2729 775 2769; x_wconf 86' lang='lat' dir='ltr'>mecum</span> <span class='ocrx_word' id='word_1_115' title='bbox 805 2706 1084 2771; x_wconf 88' lang='lat' dir='ltr'>communicarunt</span> <span class='ocrx_word' id='word_1_116' title='bbox 1108 2707 1211 2788; x_wconf 83' lang='lat' dir='ltr'>[Tess</span> <span class='ocrx_word' id='word_1_117' title='bbox 1235 2707 1320 2792; x_wconf 83' lang='lat' dir='ltr'>glad.</span> <span class='ocrx_word' id='word_1_118' title='bbox 1344 2731 1376 2772; x_wconf 93' lang='lat' dir='ltr'>n.</span> <span class='ocrx_word' id='word_1_119' title='bbox 1392 2709 1431 2775; x_wconf 82' lang='lat'>31.</span> 
     </span>
    </p>
   </div>
   <div class='ocr_carea' id='block_1_6' title="bbox 300 2814 473 2894">
    <p class='ocr_par' dir='ltr' id='par_1_7' title="bbox 300 2814 473 2894">
     <span class='ocr_line' id='line_1_17' title="bbox 300 2814 473 2894; baseline 0 -18"><span class='ocrx_word' id='word_1_120' title='bbox 300 2815 364 2877; x_wconf 85' lang='lat' dir='ltr'>tab.</span> <span class='ocrx_word' id='word_1_121' title='bbox 387 2814 473 2894; x_wconf 69' lang='lat' dir='ltr'><strong>IOJ:</strong></span> 
     </span>
    </p>
   </div>
   <div class='ocr_carea' id='block_1_7' title="bbox 663 2963 1171 3480">
    <p class='ocr_par' dir='ltr' id='par_1_8' title="bbox 663 2963 1171 3480">
     <span class='ocr_line' id='line_1_18' title="bbox 708 2963 1025 3028; baseline 0.003 -1"><span class='ocrx_word' id='word_1_122' title='bbox 708 2963 738 3027; x_wconf 82' lang='lat' dir='ltr'>n</span> <span class='ocrx_word' id='word_1_123' title='bbox 764 2964 779 3027; x_wconf 86' lang='lat'><em>1</em></span> <span class='ocrx_word' id='word_1_124' title='bbox 803 2963 828 3026; x_wconf 82' lang='lat' dir='ltr'>u</span> <span class='ocrx_word' id='word_1_125' title='bbox 854 2965 882 3027; x_wconf 82' lang='lat' dir='ltr'><strong>A</strong></span> <span class='ocrx_word' id='word_1_126' title='bbox 906 2964 935 3027; x_wconf 88' lang='lat' dir='ltr'>u</span> <span class='ocrx_word' id='word_1_127' title='bbox 958 2963 973 3026; x_wconf 88' lang='lat'><em>1</em></span> <span class='ocrx_word' id='word_1_128' title='bbox 999 2965 1025 3028; x_wconf 93' lang='lat'>0</span> 
     </span>
     <span class='ocr_line' id='line_1_19' title="bbox 663 3073 1075 3178; baseline 0.002 -1"><span class='ocrx_word' id='word_1_129' title='bbox 663 3073 1075 3178; x_wconf 55' lang='lat' dir='ltr'>&#39;chiffl&#39;—</span> 
     </span>
     <span class='ocr_line' id='line_1_20' title="bbox 686 3225 1171 3328; baseline 0 -1"><span class='ocrx_word' id='word_1_130' title='bbox 686 3225 832 3328; x_wconf 57' lang='lat' dir='ltr'>su&#39;ssrir</span> <span class='ocrx_word' id='word_1_131' title='bbox 854 3299 860 3312; x_wconf 86' lang='lat'>-</span> <span class='ocrx_word' id='word_1_132' title='bbox 881 3225 1048 3328; x_wconf 61' lang='lat' dir='ltr'>nuos</span> <span class='ocrx_word' id='word_1_133' title='bbox 1164 3273 1171 3281; x_wconf 95' lang='lat'><em>·</em></span> 
     </span>
     <span class='ocr_line' id='line_1_21' title="bbox 689 3375 1073 3480; baseline 0.003 -1"><span class='ocrx_word' id='word_1_134' title='bbox 689 3375 1073 3480; x_wconf 46' lang='lat' dir='ltr'>recurri-ranv—</span> 
     </span>
    </p>
   </div>
   <div class='ocr_carea' id='block_1_8' title="bbox 301 3591 1437 4530">
    <p class='ocr_par' dir='ltr' id='par_1_9' title="bbox 301 3591 1437 4530">
     <span class='ocr_line' id='line_1_22' title="bbox 302 3591 1435 3680; baseline -0.003 -24"><span class='ocrx_word' id='word_1_135' title='bbox 302 3593 434 3678; x_wconf 71' lang='lat' dir='ltr'>Spcctat</span> <span class='ocrx_word' id='word_1_136' title='bbox 457 3593 542 3657; x_wconf 83' lang='lat' dir='ltr'>cuim</span> <span class='ocrx_word' id='word_1_137' title='bbox 567 3593 646 3658; x_wconf 85' lang='lat' dir='ltr'>haec</span> <span class='ocrx_word' id='word_1_138' title='bbox 666 3598 802 3676; x_wconf 85' lang='lat' dir='ltr'>tessera,</span> <span class='ocrx_word' id='word_1_139' title='bbox 826 3617 907 3680; x_wconf 90' lang='lat' dir='ltr'>quae</span> <span class='ocrx_word' id='word_1_140' title='bbox 926 3594 1009 3659; x_wconf 89' lang='lat' dir='ltr'>unde</span> <span class='ocrx_word' id='word_1_141' title='bbox 1024 3593 1253 3658; x_wconf 86' lang='lat' dir='ltr'>Vindobonam</span> <span class='ocrx_word' id='word_1_142' title='bbox 1272 3591 1385 3657; x_wconf 84' lang='lat' dir='ltr'>delata</span> <span class='ocrx_word' id='word_1_143' title='bbox 1407 3593 1435 3655; x_wconf 66' lang='lat' dir='ltr'>&lt;it</span> 
     </span>
     <span class='ocr_line' id='line_1_23' title="bbox 301 3698 1436 3785; baseline -0.002 -21"><span class='ocrx_word' id='word_1_144' title='bbox 301 3701 482 3784; x_wconf 78' lang='lat' dir='ltr'>ignoratur,</span> <span class='ocrx_word' id='word_1_145' title='bbox 514 3701 552 3763; x_wconf 88' lang='lat' dir='ltr'>ad</span> <span class='ocrx_word' id='word_1_146' title='bbox 582 3722 701 3763; x_wconf 88' lang='lat' dir='ltr'>annum</span> <span class='ocrx_word' id='word_1_147' title='bbox 727 3703 799 3783; x_wconf 80' lang='grc'><strong>728,</strong></span> <span class='ocrx_word' id='word_1_148' title='bbox 832 3724 895 3785; x_wconf 92' lang='lat' dir='ltr'>quo</span> <span class='ocrx_word' id='word_1_149' title='bbox 924 3724 996 3765; x_wconf 92' lang='lat' dir='ltr'>cum</span> <span class='ocrx_word' id='word_1_150' title='bbox 1020 3698 1157 3765; x_wconf 84' lang='lat' dir='ltr'>Caesare</span> <span class='ocrx_word' id='word_1_151' title='bbox 1183 3700 1332 3783; x_wconf 83' lang='lat' dir='ltr'>Augusto</span> <span class='ocrx_word' id='word_1_152' title='bbox 1364 3716 1436 3764; x_wconf 75' lang='lat' dir='ltr'>octa·</span> 
     </span>
     <span class='ocr_line' id='line_1_24' title="bbox 302 3806 1437 3891; baseline -0.002 -21"><span class='ocrx_word' id='word_1_153' title='bbox 302 3830 376 3870; x_wconf 76' lang='lat' dir='ltr'>virm</span> <span class='ocrx_word' id='word_1_154' title='bbox 401 3808 504 3870; x_wconf 86' lang='lat' dir='ltr'>fasces</span> <span class='ocrx_word' id='word_1_155' title='bbox 529 3807 659 3869; x_wconf 82' lang='lat' dir='ltr'>tenebat</span> <span class='ocrx_word' id='word_1_156' title='bbox 683 3807 718 3871; x_wconf 88' lang='grc' dir='ltr'>Τ.</span> <span class='ocrx_word' id='word_1_157' title='bbox 739 3806 886 3871; x_wconf 81' lang='lat' dir='ltr'>Statilius</span> <span class='ocrx_word' id='word_1_158' title='bbox 910 3808 945 3873; x_wconf 86' lang='grc' dir='ltr'>Τ.</span> <span class='ocrx_word' id='word_1_159' title='bbox 969 3807 990 3872; x_wconf 88' lang='lat' dir='ltr'>f.</span> <span class='ocrx_word' id='word_1_160' title='bbox 1014 3808 1139 3871; x_wconf 84' lang='lat' dir='ltr'>Taurus</span> <span class='ocrx_word' id='word_1_161' title='bbox 1163 3807 1286 3869; x_wconf 49' lang='lat' dir='ltr'>*ilcnmu</span> <span class='ocrx_word' id='word_1_162' title='bbox 1318 3808 1437 3891; x_wconf 74' lang='lat' dir='ltr'>quanto</span> 
     </span>
     <span class='ocr_line' id='line_1_25' title="bbox 302 3913 1437 3998; baseline -0.003 -22"><span class='ocrx_word' id='word_1_163' title='bbox 302 3914 386 3977; x_wconf 84' lang='lat' dir='ltr'>idem</span> <span class='ocrx_word' id='word_1_164' title='bbox 411 3913 535 3977; x_wconf 82' lang='lat' dir='ltr'>Taurus</span> <span class='ocrx_word' id='word_1_165' title='bbox 559 3913 623 3976; x_wconf 89' lang='lat' dir='ltr'>iam</span> <span class='ocrx_word' id='word_1_166' title='bbox 644 3913 750 3976; x_wconf 87' lang='lat' dir='ltr'>fuerat</span> <span class='ocrx_word' id='word_1_167' title='bbox 779 3913 891 3977; x_wconf 89' lang='lat' dir='ltr'>consul</span> <span class='ocrx_word' id='word_1_168' title='bbox 919 3913 1070 3977; x_wconf 84' lang='lat' dir='ltr'>suffectus</span> <span class='ocrx_word' id='word_1_169' title='bbox 1101 3934 1186 3977; x_wconf 89' lang='lat' dir='ltr'>anno</span> <span class='ocrx_word' id='word_1_170' title='bbox 1211 3913 1289 3997; x_wconf 81' lang='grc'><strong>717,</strong></span> <span class='ocrx_word' id='word_1_171' title='bbox 1322 3914 1363 3978; x_wconf 84' lang='lat' dir='ltr'>de</span> <span class='ocrx_word' id='word_1_172' title='bbox 1388 3935 1437 3998; x_wconf 82' lang='lat' dir='ltr'>qno</span> 
     </span>
     <span class='ocr_line' id='line_1_26' title="bbox 302 4017 1437 4103; baseline 0.001 -20"><span class='ocrx_word' id='word_1_173' title='bbox 302 4022 471 4084; x_wconf 84' lang='lat' dir='ltr'>consulatu</span> <span class='ocrx_word' id='word_1_174' title='bbox 496 4019 567 4083; x_wconf 85' lang='lat' dir='ltr'>vide</span> <span class='ocrx_word' id='word_1_175' title='bbox 591 4018 779 4081; x_wconf 87' lang='lat' dir='ltr'>Heuzenum</span> <span class='ocrx_word' id='word_1_176' title='bbox 804 4018 836 4083; x_wconf 83' lang='lat' dir='ltr'>O.</span> <span class='ocrx_word' id='word_1_177' title='bbox 856 4019 881 4085; x_wconf 89' lang='lat' dir='ltr'>I.</span> <span class='ocrx_word' id='word_1_178' title='bbox 901 4019 935 4084; x_wconf 90' lang='lat' dir='ltr'>L.</span> <span class='ocrx_word' id='word_1_179' title='bbox 958 4020 974 4083; x_wconf 94' lang='grc' dir='ltr'><strong>Ι</strong></span> <span class='ocrx_word' id='word_1_180' title='bbox 998 4043 1027 4103; x_wconf 93' lang='lat' dir='ltr'>p.</span> <span class='ocrx_word' id='word_1_181' title='bbox 1047 4019 1120 4083; x_wconf 81' lang='lat'>449.</span> <span class='ocrx_word' id='word_1_182' title='bbox 1158 4017 1320 4083; x_wconf 88' lang='lat' dir='ltr'>Omissam</span> <span class='ocrx_word' id='word_1_183' title='bbox 1339 4027 1437 4084; x_wconf 76' lang='lat' dir='ltr'>sulcu</span> 
     </span>
     <span class='ocr_line' id='line_1_27' title="bbox 302 4125 1436 4209; baseline -0.004 -18"><span class='ocrx_word' id='word_1_184' title='bbox 302 4129 411 4192; x_wconf 85' lang='lat' dir='ltr'>iterati</span> <span class='ocrx_word' id='word_1_185' title='bbox 442 4125 573 4190; x_wconf 86' lang='lat' dir='ltr'>honoris</span> <span class='ocrx_word' id='word_1_186' title='bbox 602 4130 712 4188; x_wconf 88' lang='lat' dir='ltr'>uotam</span> <span class='ocrx_word' id='word_1_187' title='bbox 742 4148 806 4189; x_wconf 90' lang='lat' dir='ltr'>nun</span> <span class='ocrx_word' id='word_1_188' title='bbox 836 4131 884 4189; x_wconf 89' lang='lat' dir='ltr'>est</span> <span class='ocrx_word' id='word_1_189' title='bbox 913 4126 997 4209; x_wconf 89' lang='lat' dir='ltr'>quod</span> <span class='ocrx_word' id='word_1_190' title='bbox 1028 4127 1190 4208; x_wconf 85' lang='lat' dir='ltr'>miremur,</span> <span class='ocrx_word' id='word_1_191' title='bbox 1221 4148 1296 4192; x_wconf 89' lang='lat' dir='ltr'>cum</span> <span class='ocrx_word' id='word_1_192' title='bbox 1320 4127 1436 4191; x_wconf 74' lang='lat' dir='ltr'>additis</span> 
     </span>
     <span class='ocr_line' id='line_1_28' title="bbox 303 4233 1437 4299; baseline -0.001 -2"><span class='ocrx_word' id='word_1_193' title='bbox 303 4233 451 4299; x_wconf 78' lang='lat' dir='ltr'>Caesaris</span> <span class='ocrx_word' id='word_1_194' title='bbox 476 4233 658 4297; x_wconf 87' lang='lat' dir='ltr'>consulatui</span> <span class='ocrx_word' id='word_1_195' title='bbox 684 4255 834 4298; x_wconf 88' lang='lat' dir='ltr'>uumerus</span> <span class='ocrx_word' id='word_1_196' title='bbox 858 4234 983 4298; x_wconf 92' lang='lat' dir='ltr'>nullum</span> <span class='ocrx_word' id='word_1_197' title='bbox 1002 4234 1199 4298; x_wconf 86' lang='lat' dir='ltr'>dubitationi</span> <span class='ocrx_word' id='word_1_198' title='bbox 1222 4234 1331 4298; x_wconf 86' lang='lat' dir='ltr'>locum</span> <span class='ocrx_word' id='word_1_199' title='bbox 1353 4235 1437 4298; x_wconf 88' lang='lat' dir='ltr'>relin-</span> 
     </span>
     <span class='ocr_line' id='line_1_29' title="bbox 304 4340 1436 4423; baseline 0 -21"><span class='ocrx_word' id='word_1_200' title='bbox 304 4346 423 4422; x_wconf 86' lang='lat' dir='ltr'>queret.</span> <span class='ocrx_word' id='word_1_201' title='bbox 469 4341 605 4423; x_wconf 84' lang='lat' dir='ltr'>Parique</span> <span class='ocrx_word' id='word_1_202' title='bbox 630 4341 754 4404; x_wconf 89' lang='lat' dir='ltr'>ratione</span> <span class='ocrx_word' id='word_1_203' title='bbox 778 4341 931 4423; x_wconf 82' lang='lat' dir='ltr'>conlegae</span> <span class='ocrx_word' id='word_1_204' title='bbox 954 4341 1084 4405; x_wconf 89' lang='lat' dir='ltr'>nomine</span> <span class='ocrx_word' id='word_1_205' title='bbox 1108 4341 1188 4404; x_wconf 90' lang='lat' dir='ltr'>satis</span> <span class='ocrx_word' id='word_1_206' title='bbox 1212 4340 1325 4404; x_wconf 86' lang='lat' dir='ltr'>linitus</span> <span class='ocrx_word' id='word_1_207' title='bbox 1344 4363 1436 4405; x_wconf 73' lang='lat' dir='ltr'>annis</span> 
     </span>
     <span class='ocr_line' id='line_1_30' title="bbox 304 4446 1435 4530; baseline -0.002 -20"><span class='ocrx_word' id='word_1_208' title='bbox 304 4469 384 4529; x_wconf 87' lang='lat' dir='ltr'>opus</span> <span class='ocrx_word' id='word_1_209' title='bbox 408 4467 472 4509; x_wconf 88' lang='lat' dir='ltr'>non</span> <span class='ocrx_word' id='word_1_210' title='bbox 496 4446 611 4510; x_wconf 88' lang='lat' dir='ltr'>habuit</span> <span class='ocrx_word' id='word_1_211' title='bbox 635 4447 835 4530; x_wconf 89' lang='lat' dir='ltr'>imperatorii</span> <span class='ocrx_word' id='word_1_212' title='bbox 864 4448 1049 4511; x_wconf 85' lang='lat' dir='ltr'>consulatus</span> <span class='ocrx_word' id='word_1_213' title='bbox 1077 4447 1276 4512; x_wconf 83' lang='lat' dir='ltr'>accuratiore</span> <span class='ocrx_word' id='word_1_214' title='bbox 1305 4460 1383 4511; x_wconf 83' lang='lat' dir='ltr'>uota</span> <span class='ocrx_word' id='word_1_215' title='bbox 1414 4449 1435 4508; x_wconf 83' lang='lat' dir='ltr'>in</span> 
     </span>
    </p>
   </div>
   <div class='ocr_carea' id='block_1_9' title="bbox 0 0 1503 5120">
    <p class='ocr_par' dir='ltr' id='par_1_10' title="bbox 0 0 1503 5120">
     <span class='ocr_line' id='line_1_31' title="bbox 0 0 1503 5120; baseline 0 0"><span class='ocrx_word' id='word_1_216' title='bbox 0 0 1503 5120; x_wconf 95' lang='lat' dir='ltr'> </span> 
     </span>
    </p>
   </div>
  </div>
 </body>
</html>
