2972 5120
403 417 684 466 sveennnnnrvu
708 419 739 466 v.
1078 402 1144 468 565

35 563 113 643 bruit,
133 583 319 646 quamquam
342 562 450 646 ipsum
475 561 639 626 vasculum
663 560 705 624 ab
729 560 774 626 Io.
794 560 890 626 Petro
910 559 1045 628 Seochio
1069 561 1099 626 S.
1119 561 1143 626 l.

32 669 92 732 olim
111 689 285 752 possessum
308 689 372 752 quo
391 667 538 752 gentium
558 667 741 752 pervenerit
759 667 940 752 ignoratur.
973 667 1142 753 Suspecta-

30 776 73 838 bat
99 774 173 840 hauc
202 775 445 860 inscriptionem
475 772 695 838 Mommsenus
729 770 764 838 O.
787 773 813 839 I.
837 773 872 839 L.
899 773 915 838 I
945 795 975 838 n.
998 775 1042 840 45
1070 797 1142 842 curn

28 885 137 966 propter
158 881 219 946 elia
240 885 336 966 (quae
356 881 417 945 etsi
436 880 547 945 videor
564 881 708 946 divinare
727 903 830 965 posse,
853 885 963 944 tamen
982 881 1142 965 gravioris

27 990 156 1054 momenti
177 1009 245 1054 esse
273 989 326 1052 vix
355 985 551 1072 putaverim)
579 989 649 1052 turn
676 989 809 1070 propter
832 987 989 1052 omissam
1016 988 1049 1052 in
1073 987 1142 1054 ΡΟ-

26 1091 111 1158 (Ἱοιο
132 1095 269 1160 litteram
293 1093 438 1176 finalem,
462 1113 559 1176 quarn
583 1095 691 1158 cetera
714 1113 790 1156 sane
814 1093 933 1177 pocula
955 1099 1143 1162 constanter

26 1205 139 1264 servant.
169 1201 281 1286 Itaque
303 1221 363 1264 neo
385 1197 500 1264 inutile
524 1219 583 1262 nco
606 1198 814 1264 iniucnndum
838 1199 936 1264 luerit
954 1200 995 1266 ad
1014 1225 1052 1267 ea
1072 1205 1141 1296 ani·

24 1329 93 1372 nun
113 1307 289 1391 advertere,
317 1328 398 1392 quae
421 1305 485 1370 huc
507 1304 705 1388 pertinentia
727 1305 847 1368 litteris
871 1307 1067 1390 gratissimis
1091 1331 1141 1374 ae·

23 1419 97 1496 cepta
125 1415 225 1480 resero
259 1437 278 1478 a
311 1412 510 1498 gnavissimo
542 1411 657 1476 iuvene
690 1410 792 1496 deque
825 1413 1035 1498 epigraphica
1069 1423 1139 1483 arte

22 1519 84 1584 bene
103 1523 253 1586 morituro
277 1519 394 1585 Oarolo
417 1517 680 1603 Zangemeistero
703 1517 808 1582 Roma
825 1519 872 1598 ,ad
896 1541 947 1584 me
971 1521 1083 1587 datis·
1106 1523 1138 1588 Is

20 1627 86 1692 enim
112 1649 181 1692 eum
208 1649 268 1712 per
294 1625 420 1692 itineris
443 1623 574 1689 Etrusci
603 1624 807 1689 occasionem
830 1623 969 1692 Hortum
998 1630 1140 1696 venisset

19 1731 67 1816 (cui
90 1755 169 1799 nuno
193 1733 266 1799 Orte
292 1729 438 1818 nomen),
476 1731 561 1815 apud
590 1730 742 1796 clericum
772 1731 932 1816 quendam
962 1734 1078 1800 incidit
1103 1737 1138 1801 in

17 1842 155 1924 exemplar
177 1841 434 1926 ‘Antiquitatum
458 1837 593 1904 Hortae’
617 1837 658 1902 ab
682 1836 993 1922 Iust0‚nonunini0
1014 1841 1138 1908 Romae

16 1947 215 2030 evulgatarum
240 1947 386 2030 21708,
418 1945 504 2031 quod
533 1945 587 2030 qui
616 1947 690 2008 ante
718 1943 922 2032 possederat,
954 1971 1013 2012 sua
1040 1971 1138 2016 mann

15 2075 172 2140 magnaque
202 2053 387 2139 diligentia,
424 2050 579 2137 quidquid
612 2051 782 2116 titulorum
820 2075 893 2118 cum
924 2054 1137 2122 Etruscorum

14 2163 68 2224 tun
88 2160 276 2226 Latinorum
300 2163 376 2244 post
394 2157 623 2224 Fontaninium
646 2161 848 2240 repertorum
873 2161 902 2224 ei
925 2161 1080 2246 innotuit,
1103 2165 1139 2230 in

14 2265 61 2328 fine
81 2266 150 2332 libri
173 2267 362 2352 adscripsit:
387 2267 419 2332 id
443 2264 527 2350 quod
550 2269 626 2348 post
649 2285 769 2329 annum
788 2264 884 2331 huius
904 2269 1024 2334 saeculi
1043 2269 1135 2336 XXX

13 2371 112 2437 lactum
134 2396 203 2439 esse
227 2375 352 2438 inserta
374 2373 549 2438 diariorum
574 2370 775 2455 publicorum
796 2373 950 2442 schedula
968 2377 1078 2442 docuit
1097 2379 1136 2444 ad

11 2479 178 2546 seditionem
202 2482 381 2567 turbasque
404 2481 602 2546 Polonorum
633 2483 791 2564 spectans.
837 2481 888 2548 Ibi
911 2483 1015 2570 igitur
1037 2486 1135 2552 etiam

10 2585 97 2665 poculi
118 2588 224 2672 figura
250 2588 338 2672 picta
356 2589 418 2668 est,
441 2587 586 2670 proxime
605 2609 643 2650 ea
661 2587 816 2652 accedens
835 2587 875 2653 ad
895 2589 1025 2654 illarum
1048 2592 1135 2656 simi·

10 2689 157 2759 litudinem
184 2717 269 2781 quas
298 2693 333 2758 P.
355 2692 390 2756 L.
412 2691 455 2756 M.
479 2692 516 2756 Ε.
539 2691 654 2757 tab.X
682 2692 742 2756 sub
766 2695 853 2758 ode
879 2699 1135 2778 repraesentavi-

10 2817 73 2883 mus,
86 2801 142 2867 hac
157 2803 290 2888 quidem
305 2800 416 2866 addita
434 2799 643 2884 inscriptione
658 2787 825 2866 colito
843 2799 1016 2867 Pooot0.
1045 2803 1134 2890 Ergo

8 2904 70 2984 quin
91 2908 254 2973 exstiterit
279 2907 346 2971 tale
373 2906 552 2986 vasculum,
589 2905 683 2988 idque
706 2905 831 2971 Hortae
858 2915 1022 2994 repertum
1050 2913 1135 2978 unde

7 3011 87 3078 etiam
115 3010 353 3080 tnvllltNol
383 3015 478 3098 atque
507 3009 705 3078 SALVTES
733 3015 851 3097 pocula
877 3016 1037 3100 prodiisse
1060 3041 1134 3084 con·

7 3123 72 3202 stat,
101 3123 164 3187 iam
197 3121 349 3188 dubitare
382 3119 470 3183 nullo
503 3117 598 3184 modo
631 3118 720 3201 lieet,
758 3142 954 3206 quamquam
987 3124 1026 3188 de
1059 3147 1135 3190 vcra

6 3223 123 3294 lectione
145 3251 212 3294 non
238 3227 348 3312 potest
371 3247 435 3290 non
459 3247 575 3309 anceps
593 3247 664 3290 esse
683 3225 847 3292 iudicium.
884 3229 928 3294 Et
946 3231 1045 3296 tertia
1064 3235 1133 3318 qui·

6 3329 64 3396 dem
82 3335 187 3400 littera
205 3335 245 3414 Τ
266 3333 419 3418 quoniam
437 3333 734 3416 interpretationem
755 3335 887 3402 omnino
907 3339 1039 3422 respuit,
1062 3363 1134 3424 pro·

5 3439 79 3504 clivis
106 3465 183 3507 sane
213 3441 255 3505 de
284 3438 427 3504 evanidis
460 3438 588 3504 lineolis
621 3439 745 3504 duabus
778 3443 965 3510 coniectura
993 3453 1043 3512 est
1070 3470 1134 3533 qua

5 3529 137 3614 COlllA
167 3569 290 3614 nomen
312 3548 559 3632 redipiscamnr,
585 3549 613 3614 Ε
641 3549 770 3613 litterae
798 3550 903 3636 figura
931 3553 1063 3618 minime
1087 3555 1133 3620 in-

5 3653 85 3719 solita
107 3657 138 3720 in
161 3656 272 3722 titulis
296 3657 527 3721 vetustioribus
550 3656 600 3719 vel
624 3657 701 3722 stilo
724 3657 898 3740 inscriptis.
942 3659 1035 3734 Quod
1059 3661 1132 3726 reli·

5 3779 84 3840 quum
107 3767 169 3846 est,
203 3763 268 3828 etsi
294 3785 353 3829 neo
380 3761 543 3828 P000t0
571 3764 791 3828 nominativus
821 3786 879 3848 per
901 3787 936 3829 se
959 3765 1131 3851 quicquam

5 3865 172 3934 offensionis
205 3869 308 3933 habet
335 3893 372 3935 ac
399 3870 538 3936 fortasse
566 3893 605 3934 ne
633 3869 777 3935 COERA
806 3871 935 3955 quidem
963 3875 1133 3958 genetivus
1173 3923 1175 3928 -

5 3967 96 4054 aliqua
118 3975 307 4042 defensioue
330 3979 432 4042 caret:
460 3973 584 4063 (quidni
608 3977 706 4062 enim,
730 3999 793 4062 quo
817 3978 886 4042 iure
909 3979 1038 4046 dativus
1062 3979 1132 4050 FE-

5 4071 126 4146 tonia
148 4081 334 4148 MATVTA
358 4081 559 4150 NOMEtlo
583 4081 772 4168 Manios,
801 4086 1040 4153 nominativum
1064 4089 1133 4174 plu-

5 4183 87 4250 ralem
118 4186 342 4255 nlnTRONo
379 4189 532 4256 incultior
567 4191 729 4275 quondam
768 4193 881 4278 lingua
912 4193 1066 4278 probavit
1098 4197 1132 4263 in

5 4289 74 4352 saris
96 4291 355 4378 Pisaurensibus,
378 4297 476 4360 etiam
500 4296 685 4380 genetivum
707 4299 879 4384 aliquando
903 4303 1050 4386 potuisse
1073 4304 1131 4369 inn-

5 4395 89 4461 ninui
110 4397 288 4486 largiar-el)
311 4405 421 4466 tamen
445 4402 596 4486 quoniam
619 4409 769 4472 neutrum
793 4429 831 4472 ex
851 4407 922 4491 ipso
941 4411 1131 4493 poculorum

5 4519 104 4582 genere
127 4507 300 4592 quicquam
327 4509 520 4573 firmamenti
548 4508 660 4595 hebet,
691 4515 794 4579 satius
822 4537 900 4580 sane
929 4515 1028 4581 fuerit
1052 4519 1131 4584 duce
