3008 5118
261 383 305 429 bs
329 381 506 429 SEPVLI'RO
533 381 711 428 PVlthRVbI
736 379 952 430 Tt'scvnsrso.
1113 363 1179 426 265

65 523 102 604 [C.
119 524 141 590 l.
157 525 186 588 L.
208 524 222 587 Ι
244 547 273 590 n.
287 525 342 608 303
366 523 422 608 VI,
441 527 454 588 I
476 525 618 610 11.1285;
650 525 682 590 P.
701 523 734 589 L.
755 524 797 588 M.
816 525 853 590 Ε.
873 525 939 591 tab.
954 523 1109 590 XXXVII
1122 525 1179 604 Bl,

63 629 217 714 persuadet.
259 629 357 696 Cuius
380 632 495 696 tertius
519 653 630 696 versus

238 727 392 803 Luciam
417 735 597 820 Scipidne
620 775 642 785 -
665 737 775 803 filicis
798 737 974 820 Barbati,

61 845 102 908 ubi
126 845 167 909 sic
193 844 239 909 uti
270 845 329 910 feci
359 845 532 930 dimetiris‚
570 845 658 931 leges
692 867 803 912 omues
835 845 978 912 Saturnii
1011 847 1105 912 metri
1138 849 1178 912 ad

61 951 191 1014 amussim
219 952 337 1036 explet:
370 953 489 1017 eisdem
523 954 706 1038 refragatur
735 953 955 1038 pertinaciter,
988 955 1016 1018 ai
1043 977 1063 1019 a
1090 955 1179 1018 brevi

60 1057 84 1120 in
107 1057 248 1123 Luciam
281 1060 484 1142 paenultima
516 1061 728 1144 proficiscare.
783 1059 868 1124 Nem
903 1060 964 1124 etsi
996 1061 1024 1124 ei
1055 1061 1179 1125 nomini

60 1186 110 1228 uon
133 1166 234 1230 nescio
262 1167 419 1250 synizesis
448 1167 619 1231 artificium
644 1189 663 1231 a
687 1165 880 1252 quibusdam
909 1167 1036 1252 ascisci,
1069 1169 1115 1232 sic
1143 1172 1180 1233 ut

59 1311 216 1354 mensuram
240 1290 404 1374 expleant:
428 1267 585 1358 Lucubm
610 1291 793 1376 Scipidne
817 1313 990 1376 suppressa
1008 1293 1093 1356 thesi
1115 1293 1179 1377 pri·

35 1395 109 1479 'mo,
128 1401 230 1461 brnen
254 1396 338 1462 idem
368 1399 435 1463 scio
464 1421 578 1482 parum
607 1397 639 1462 id
669 1397 744 1463 illos
773 1397 976 1463 considerate
1002 1397 1180 1482 instituere,

58 1503 166 1588 eiusque
186 1527 279 1570 usum
303 1506 461 1590 synizesis
489 1529 508 1569 a
532 1511 640 1570 vetere
671 1505 833 1570 latinitate
858 1504 983 1589 cadem,
1013 1527 1077 1588 qua
1100 1506 1179 1570 oliuu

57 1609 103 1672 leci
127 1608 224 1676 Musei
251 1595 370 1678 nostri¹
385 1617 407 1677 t.
431 1611 492 1676 Vll
524 1633 553 1694 p.
577 1612 642 1677 595
667 1615 723 1692 l=
748 1611 865 1696 Opusc.
893 1610 926 1674 II
954 1633 983 1694 p.
1004 1613 1082 1692 594]
1103 1635 1180 1696 sqq,

56 1717 224 1782 confidentia
246 1719 345 1782 etiam
369 1739 453 1783 nunc
477 1718 634 1784 abiudico.
683 1719 772 1784 Neue
797 1719 868 1803 quis
892 1719 925 1782 in
949 1716 1033 1782 hanc
1053 1723 1179 1802 partem

57 1825 139 1888 utier
167 1825 271 1890 forma
304 1825 471 1910 abutatur,
494 1816 594 1910 'quae
627 1825 660 1890 in
694 1827 727 1890 P.
756 1823 918 1910 Scipionis
951 1824 986 1890 P.
1017 1825 1040 1891 f.
1073 1827 1179 1910 elogio

57 1929 345 2015 u'.1.1..1n.33;
374 1931 462 2016 Vl,1
488 1933 634 2018 n.1288;
662 1931 694 1996 P.
714 1931 748 1996 la.
769 1932 867 1998 tan
890 1933 957 1998 tab.
976 1933 1115 1998 XXXIX
1130 1933 1178 2014 F}

55 2037 79 2100 iu
102 2036 280 2104 Saturnium
308 2061 437 2104 versum
471 2039 518 2104 sic
546 2039 694 2104 intrarit:
727 2039 873 2140 Quibus
907 2040 961 2105 sei
994 2039 1032 2104 in
1064 2039 1180 2124 longa

54 2143 215 2210 licui-set
246 2147 330 2211 tibe
362 2147 466 2211 uitier
498 2146 594 2230 uita,
626 2153 715 2212 certa
743 2147 992 2213 ratiocinatione
1021 2147 1101 2210 satis
1129 2168 1180 2210 me

55 2251 117 2315 olim
137 2257 304 2318 canturam
329 2253 469 2340 spero.*)
505 2252 620 2338 ltaque
640 2253 679 2318 ad
699 2255 798 2338 illius,
822 2277 842 2318 a
863 2275 927 2338 quo
947 2275 1079 2319 exorsus
1099 2275 1180 2337 sunu,

55 2377 145 2424 sersus
167 2361 349 2444 exemplum
374 2361 556 2444 praestabit
578 2361 677 2426 etiarn
710 2385 783 2426 eum
807 2363 942 2427 recitare
966 2362 1019 2446 qui
1044 2366 1095 2424 est
1118 2361 1180 2445 pri·

55 2485 110 2528 mus
131 2467 162 2530 in
184 2468 286 2551 ipsius
310 2466 408 2533 titulo
430 2466 579 2533 Barbati:

204 2571 409 2638 Cornelids
433 2572 573 2640 Lucius
597 2611 618 2621 -
643 2573 774 2660 Scipio
798 2575 1001 2640 Barbdtus.

54 2675 122 2741 Xan
142 2679 224 2744 hune
247 2669 378 2764 quidem
403 2680 464 2744 etsi
487 2681 607 2746 licebat
626 2703 703 2746 sane
723 2683 830 2766 aliquo
851 2681 948 2747 modo
967 2682 1013 2747 sie
1032 2683 1180 2766 expedire

54 2784 124 2848 nulla
145 2788 243 2852 ascita
267 2787 422 2870 syniaesi,
450 2793 486 2852 ut
514 2809 686 2872 suppressa
714 2789 799 2853 thesi
828 2790 931 2853 altera
959 2789 993 2853 in
1016 2787 1180 2874 dactylum

54 2891 137 2956 exiret
158 2894 246 2976 prius
271 2894 528 2960 hemistichium:
557 2894 764 2961 Corneliuis
795 2895 948 2979 Locrus,
979 2901 1088 2960 tamea
1117 2919 1179 2980 quo

54 3006 222 3092 argumento
246 3002 465 3086 aspernabere
489 3003 574 3088 quod
598 3025 669 3068 cum
693 3025 750 3089 per
772 3025 806 3068 se
830 3005 863 3068 et
882 3002 1062 3086 simplicius
1082 3003 1125 3068 sit
1148 3007 1180 3068 et

54 3105 219 3194 elegantius,
241 3113 314 3174 tum
338 3114 460 3173 certum
485 3133 502 3172 e
521 3108 668 3194 lapidum
688 3110 849 3195 scriptura
864 3107 1051 3174 LVCEIVS
1074 3110 1180 3174 firma·

54 3220 175 3282 neutum
206 3217 427 3284 nanciscItur?
480 3216 587 3294 Quid?
620 3217 704 3302 quod
733 3217 767 3282 in
796 3217 938 3282 eiusdem
971 3216 1061 3281 tituli
1093 3217 1179 3282 illius

54 3341 130 3387 uersu
150 3327 244 3391 tertio
269 3325 413 3410 positum
437 3321 599 3400 QVOIVS
631 3347 651 3388 a
678 3325 804 3388 ratione
828 3323 955 3406 quidem
980 3343 1044 3388 non
1063 3324 1180 3389 abhor-

54 3431 109 3492 reat
136 3433 186 3516 qui
217 3431 427 3516 trisyllabum
465 3439 604 3513 quoius
643 3431 828 3514 genetivum
865 3431 1109 3516 interpretetur,
1141 3429 1179 3494 ad

55 3529 136 3600 dativi
161 3536 299 3606 sormam
323 3536 473 3614 QVOIEI
502 3557 602 3621 prope
633 3536 851 3620 accedentem,
883 3536 965 3601 tales
993 3541 1029 3601 ut
1056 3535 1178 3601 numeri

56 3641 201 3718 prodeant:
857 3729 861 3738 y

189 3743 333 3827 Quoius
357 3749 479 3815 forma
503 3747 697 3814 uirtu-tei
718 3747 913 3834 parisuma
935 3749 1021 3814 idit.

56 3847 233 3938 Quamquam
251 3857 314 3922 hnc
333 3855 499 3920 fatendum
519 3859 569 3920 est
584 3857 810 3922 necesstiatem
830 3879 894 3921 nou
911 3856 1038 3936 habere,
1053 3855 1180 3937 spirando

56 3977 85 4018 nc
105 3961 238 4045 uulgaris
263 3963 392 4050 quidem
417 3985 569 4028 mensura
593 3963 740 4041 Quoiuls
764 3965 886 4029 forma
911 3961 1086 4027 offensione
1114 3961 1180 4026 ullu

56 4058 228 4155 laborat.**)

93 4227 152 4362 We)
170 4225 212 4296 [uo
231 4193 306 4298 ouon
325 4229 430 4284 ratum
451 4233 495 4282 «aa
512 4227 601 4282 unser
622 4227 710 4281 auen.
725 4229 745 4280 u.
763 4227 824 4280 xuv
840 4227 923 4294 onos
941 4245 968 4280 n.
983 4225 1057 4291 unu
1077 4245 1103 4297 p.
1120 4233 1179 4282 soa.

58 4309 80 4360 o.
125 4353 129 4364 .

116 4314 153 4470 ⁸⁷d)
171 4403 221 4473 [CI.
247 4423 318 4476 quae
349 4406 518 4462 ltitselreliaa
542 4405 698 4476 disputavit
726 4405 813 4462 Musaei
842 4405 928 4460 Rhea.
958 4407 978 4462 t.
1004 4405 1067 4461 XIV
1096 4405 1181 4474 (inira

59 4483 159 4557 univ)
176 4500 266 4562 asos
284 4495 348 4553 adn.
386 4495 414 4553 c.
430 4495 487 4566 w.]

487 4609 724 4616 ——u—.-.—-.
