3008 5118
329 360 394 423 316
766 380 814 426 nn
839 384 925 427 rann
946 385 1046 428 rsnrn

330 516 588 585 ottrannus
604 557 609 569 ·
631 521 663 584 II
682 557 688 569 ·
705 520 798 586 CVM
812 556 821 571 ·
835 521 1043 589 POSTIBVS
1059 560 1065 573 ·
1080 523 1362 591 Ansovnrunls
1375 562 1380 572 ·
1392 524 1443 589 ll·

331 626 443 712 omo,
466 652 493 692 v.
512 629 548 692 11
570 628 737 694 EISDEM
757 665 763 677 ·
784 666 790 678 ·
810 666 816 678 ·
837 667 843 678 ·
862 631 1090 698 Prummu
1105 668 1112 681 ·
1128 631 1220 698 CVM
1235 668 1242 681 ·
1256 631 1443 698 manaim·

331 733 483 798 ALTVM
498 771 504 783 ·
519 733 678 800 FACITO
694 771 701 785 ·
716 736 742 800 P
758 772 764 784 ·
780 737 823 821 X,
860 761 888 802 v.
915 740 954 803 13
977 737 1145 804 nlsnnm
1164 775 1170 787 ·
1190 739 1350 806 OSTIVM
1370 775 1376 788 ·
1395 777 1400 786 ·
1418 775 1444 788 ··

330 840 586 906 FENESTRAS
611 877 616 890 ·
642 877 648 889 ·
673 878 679 890 ·
703 878 709 890 ·
733 842 961 909 Pluinnam
980 879 987 893 ·
1007 843 1260 912 OPSTRVITO.
1309 847 1445 912 Postremo

329 954 442 1014 nostra
466 953 573 1016 aetate
596 950 669 1032 ipsa
692 949 911 1036 eisdemque
939 953 1124 1035 probauit
1151 953 1294 1018 formula
1315 953 1446 1038 prodiite

331 1055 556 1120 Tarracinensi
581 1055 678 1120 titulo
699 1056 787 1120 cuius
806 1058 958 1124 notitiam
978 1057 1014 1122 G.
1030 1058 1216 1125 Melchiorri
1241 1060 1328 1125 dedit
1348 1060 1446 1124 ianl·
1500 1117 1501 1140 p

329 1164 398 1226 lett.
423 1163 525 1227 instit.
549 1163 708 1228 archaeol.
732 1164 825 1229 Rom.
849 1187 877 1229 a.
899 1167 984 1231 1842
1007 1189 1037 1250 p.
1057 1167 1099 1232 98
1132 1163 1179 1248 [C.
1204 1167 1229 1233 l.
1253 1166 1288 1231 L.
1310 1169 1325 1233 Ι
1346 1191 1373 1234 n
1388 1171 1447 1248 5163

329 1270 363 1333 P.
387 1268 420 1334 L.
445 1268 488 1333 M.
510 1270 549 1334 E.
572 1269 638 1334 tab.
658 1269 825 1354 LV11D1,
848 1273 904 1356 qui
927 1295 1010 1337 nunc
1034 1274 1110 1338 talis
1133 1280 1197 1340 est:

345 1412 373 1473 s„
460 1410 1013 1480 ivssnsn-olmnoos
1046 1414 1341 1481 anrnnurvu
1500 1457 1501 1472 1

375 1485 716 1580 *mss*
745 1519 1074 1598 ”arsnnnovn
1096 1558 1102 1570 ·
1123 1522 1253 1589 enon
1318 1485 1377 1552 -Ᾰ

329 1672 358 1736 E
382 1671 498 1756 quibus
523 1669 680 1753 exemplis
708 1667 967 1751 praetermittere
995 1667 1144 1731 nolumus
1173 1668 1206 1732 id
1235 1691 1357 1754 quoque
1380 1669 1449 1748 disci,

328 1800 394 1842 non
419 1777 452 1840 in
472 1776 651 1858 composito
671 1775 799 1838 demum
822 1773 919 1837 idem
943 1774 1133 1856 pronomine
1156 1776 1345 1858 productam
1366 1777 1450 1839 esset
1496 1764 1501 1807 ²

330 1884 474 1948 vocalem
499 1882 755 1966 compensandae
777 1903 793 1946 s
816 1903 942 1964 caussa,
970 1882 1024 1945 sed
1054 1881 1165 1946 eadem
1194 1906 1345 1948 mensura
1365 1883 1448 1979 ipsun

330 2014 349 2053 a
372 1990 530 2073 principio
555 1989 736 2072 simplicem
765 1988 797 2051 is
821 1988 1057 2052 nominativum
1081 1989 1196 2072 fnisse,
1229 2013 1326 2074 quam
1348 2012 1450 2072 semper
1491 2006 1497 2015 ·

329 2097 435 2180 prima
459 2096 584 2178 syllaba
608 2096 750 2159 servavit
778 2095 921 2179 genetivi
952 2095 1046 2180 eius,
1080 2095 1134 2158 din
1165 2095 1265 2160 etiam
1294 2096 1448 2160 dativorum

330 2205 365 2266 ei
389 2203 480 2267 ΕΙΕΙ
506 2208 602 2287 atquc
624 2200 748 2267 EIEIS.
780 2200 872 2277 tluod
892 2202 1020 2286 quidem
1040 2203 1087 2265 ita
1105 2223 1174 2265 esse
1192 2225 1326 2285 prorsus
1344 2202 1448 2266 evidens

330 2312 407 2373 fite
435 2311 507 2394 lege
535 2308 783 2393 repetundarum
811 2330 909 2392 quam
939 2307 1109 2371 Serviliam
1142 2310 1347 2392 appellitant,
1374 2309 1448 2371 utin

331 2439 395 2500 qua
417 2417 486 2499 ipse
510 2417 544 2480 is
568 2415 785 2479 nominativus
810 2415 909 2479 semel
932 2412 1001 2479 EIS
1030 2416 1168 2498 scriptus
1192 2418 1249 2480 sit:
1279 2413 1447 2481 sul-1318·
1487 2430 1493 2475 r

331 2523 475 2589 VOLET
492 2559 497 2571 ·
514 2523 648 2587 SIBEI·
665 2520 894 2586 PATRONOS
909 2558 914 2568 ·
930 2521 977 2585 IN
993 2557 999 2570 ·
1014 2522 1110 2586 EAM
1125 2557 1132 2571 ·
1148 2522 1263 2586 REM·
1280 2522 1411 2588 DAREl.

418 2630 488 2694 Hoc
512 2631 613 2715 igitur
636 2635 703 2693 tam
728 2628 831 2693 solido
855 2629 1065 2693 fundamento
1090 2630 1169 2694 satis
1193 2634 1265 2695 tuto
1285 2631 1344 2696 niti
1362 2629 1446 2694 licebit

329 2743 378 2820 ut,
403 2738 505 2802 sicubi
530 2736 571 2801 ad
596 2737 739 2800 eisdem
764 2736 812 2798 vel
838 2735 959 2799 isdem
981 2736 1121 2800 formam
1147 2741 1296 2820 spectare
1319 2739 1350 2801 in
1372 2736 1446 2816 scrip·

329 2849 437 2908 torum
461 2844 553 2908 libris
578 2843 725 2907 codicum
745 2842 883 2926 vestigia
903 2841 1082 2925 videantur,
1104 2843 1301 2908 confidenter
1320 2846 1348 2908 ei
1364 2847 1446 2928 patro

330 2952 481 3016 cinemur.
512 2950 593 3014 Eius
612 2952 722 3012 tamen
742 2949 870 3031 generis
894 2970 957 3011 non
981 2946 1130 3011 novimus
1153 2949 1217 3011 nisi
1237 2949 1301 3014 duo
1320 2947 1446 3031 exempla

329 3059 466 3122 alterum
491 3058 600 3139 Ennii,
625 3055 664 3118 nd
689 3077 784 3139 quem
808 3055 895 3118 infra
918 3057 1097 3118 revertetur
1119 3055 1240 3138 oratio,
1268 3054 1371 3120 Plauti
1391 3055 1444 3116 altc-

283 3185 315 3222 vr
331 3188 415 3228 rum:
440 3165 564 3248 reliqua
587 3186 669 3247 quae
693 3185 758 3226 non
782 3184 881 3245 parvo
906 3185 1038 3226 numero
1063 3162 1140 3226 olim
1159 3163 1324 3228 exstitisse
1342 3183 1444 3228 consen·

329 3278 461 3336 taneum
486 3276 548 3352 est,
579 3275 666 3334 aetas
692 3270 895 3333 oblitteravit
921 3270 1037 3334 omnia.
1084 3271 1144 3335 Est
1171 3275 1281 3336 antem
1305 3271 1443 3335 Plautium

330 3401 438 3441 versus
455 3378 701 3462 Amphitruonis
721 3375 779 3458 ΙΙΙ,
794 3377 824 3457 2,
838 3377 890 3457 64,
913 3398 1007 3460 quem
1027 3399 1130 3459 nuper
1149 3377 1281 3460 [Opusc.
1299 3379 1330 3442 Π
1349 3401 1376 3462 p.
1388 3375 1442 3450 432]

330 3486 618 3550 demonstravimus
648 3484 753 3547 deleto
778 3482 856 3545 mm
880 3483 1070 3566 pronomine
1093 3484 1140 3547 sic
1164 3484 1364 3550 scribendum
1385 3503 1442 3548 esse:

453 3610 574 3674 Verum
600 3609 710 3672 e‘adem
734 3609 762 3672 si
785 3607 886 3671 isdem
910 3609 1057 3693 purigas,
1081 3609 1238 3693 patiunda
1261 3615 1344 3676 sunt.

329 3736 393 3799 Vbi
417 3737 511 3800 isdem
530 3734 632 3798 Vetus
652 3733 794 3797 servavit
809 3755 879 3797 cum
896 3732 1055 3798 Vaticano
1071 3732 1257 3813 Vrsiniano,
1281 3735 1373 3800 ceteri
1390 3727 1440 3794 libri

329 3845 448 3927 partim
470 3843 575 3906 iisdem
594 3840 713 3924 partim
732 3841 842 3904 eisdem
857 3840 1022 3904 exhibent:
1047 3863 1110 3926 qno
1130 3862 1196 3907 non
1214 3841 1374 3908 intellecto
1388 3839 1438 3902 ΙΙΙ

328 3950 451 4013 invexit
472 3947 685 4014 Camerarius.

419 4056 624 4138 Perspectum
650 4059 699 4118 est
722 4055 822 4139 igitur
844 4077 910 4119 non
929 4077 1006 4118 sane
1025 4054 1064 4119 de
1084 4077 1142 4120 suo
1160 4060 1351 4121 novaturum
1368 4052 1437 4116 luia

329 4161 499 4226 Caesarem
533 4161 619 4245 quod
651 4163 740 4225 nullo
773 4165 919 4244 tempore
947 4162 1105 4226 usitatum
1134 4162 1265 4248 fuisset,
1299 4162 1325 4227 si
1355 4157 1436 4222 isdem

327 4268 415 4332 boum
449 4269 617 4334 dicendum
651 4269 861 4352 praeciperet.
920 4267 981 4332 Sed
1016 4269 1066 4332 vel
1099 4269 1144 4333 sic
1173 4273 1295 4348 tamen,
1328 4267 1434 4332 iduum

328 4397 441 4458 reapse
469 4376 594 4458 fecerit,
625 4375 792 4439 dubitandi
821 4398 967 4439 caussam
998 4377 1225 4461 gravissimam
1255 4377 1319 4442 eius
1343 4374 1434 4437 forum

329 4482 530 4566 comparatio
548 4485 701 4565 praestat,
716 4504 812 4566 quam
826 4483 934 4566 planis
948 4483 1055 4548 verbis
1071 4482 1202 4549 Caesam
1222 4485 1316 4552 codex
1328 4467 1433 4546 Charisi
