3008 5118
365 433 569 481 usrruoovn
595 435 860 494 surrovrssnus.
1121 421 1185 484 269

57 573 180 638 sauboui
202 572 457 660 Buttmauuiquo
481 599 510 659 p.
530 577 577 642 32,
593 577 799 642 coniecturis:
824 579 921 642 οὐδὲν
944 581 982 658 δὴ
1006 579 1186 656 Θαυραετδν

56 681 87 760 ἠν
107 678 163 764 (sic
178 677 264 748 Chii.
278 681 370 767 Vrb.)
393 685 468 748 τοὺε
493 687 649 750 παλαιούε
672 686 762 765 ἱερὰν
786 687 962 765 ὑπολαβεῖν
984 690 1043 750 τοῦ
1063 685 1185 763 Κρόνου

55 791 103 864 ιήν
128 789 236 866 χώραν
262 791 393 868 ταύτην,
428 792 486 855 τόν
514 793 572 870 μὲν
601 793 736 870 δαίμονα
764 797 882 858 τοῦτον
909 793 1076 870 οἰομένους
1105 789 1185 854 εἶναι

55 893 140 973 uitat
171 895 373 974 εὐδαιμονίαι
407 901 528 976 δοτῆρα
566 898 617 962 καλ
649 901 851 977 πληρωτὴν
888 897 1082 977 ἀνθρώποιε,
1121 895 1184 962 εἴτε

55 1001 163 1078 Κρόνον
185 1003 286 1067 αὐτόν
309 1007 360 1066 δεῖ
381 1005 492 1068 καλεῖν
516 1002 560 1068 ὼε
574 1003 728 1082 Ἕλληνεε
752 1003 899 1084 ἀξιοῦειν,
924 1003 987 1070 εἴτε
1003 1003 1185 1083 (ότουρνον

52 1107 87 1170 bc
108 1108 267 1187 Ῥωμαῖοι,
301 1113 405 1174 πᾱεαν
433 1111 468 1174 δὲ
498 1111 728 1191 περιειληφότα
759 1113 818 1190 τήν
850 1116 908 1176 τοῦ
936 1111 1053 1189 κόειιου
1081 1111 1185 1191 φύειν,

52 1213 201 1292 ὁποτέρωε
226 1215 268 1280 ἄν
285 1237 331 1280 τιε
354 1216 495 1299 ὀνομάεῃ
519 1213 581 1300 (sic
600 1215 658 1282 Oh.
674 1217 725 1282 Va
749 1239 896 1302 proquo
920 1217 1089 1302 vulgatum
1113 1217 1185 1282 ὀνο-

52 1320 129 1396 pocot
151 1343 191 1386 ns
215 1324 429 1405 grammatico
449 1323 578 1408 quidem
592 1323 792 1390 Buttmanno
811 1322 999 1410 displicuit).
1028 1324 1091 1388 Vbi
1111 1347 1184 1388 curu

51 1425 82 1488 ad
105 1427 224 1504 Κρόνον
249 1429 449 1514 adscriptum
479 1435 564 1496 esset
593 1431 633 1494 ab
662 1431 838 1512 interprete
863 1429 986 1506 Κρόνον
1013 1433 1032 1510 ἢ
1059 1430 1185 1509 Χρόνον

51 1529 104 1616 (cel
128 1535 251 1612 Κρόνον
275 1534 338 1602 εἴτε
363 1535 510 1622 χρόνον),
543 1536 637 1621 pulso
666 1536 705 1600 de
734 1537 808 1600 sede
838 1559 896 1602 sua
925 1537 1027 1602 latino
1054 1537 1184 1600 nominc

50 1639 155 1720 prodiit
183 1641 271 1725 quod
300 1663 384 1706 nunc
417 1647 467 1706 est
499 1645 532 1708 in
561 1643 725 1708 codicibus
759 1641 822 1708 εἴτε
855 1643 976 1722 χρόνον
1120 1641 1183 1708 εἴτε

49 1747 152 1823 κρόνον
174 1749 220 1814 ὼε
244 1747 390 1827 ρωμαῖοι.
435 1748 622 1834 Faventque
654 1751 683 1815 ei
707 1750 923 1815 emendationi
948 1773 1028 1833 clueo
1052 1771 1121 1833 cap.
1141 1749 1184 1812 34

49 1851 199 1936 leguntur:
229 1857 266 1919 δε
291 1853 425 1940 (λόφοι)
449 1861 508 1920 νῦν
531 1860 589 1935 μὲν
615 1859 838 1923 Καπετωλῑναε
867 1853 930 1942 (sic
954 1855 1012 1920 (lh.
1027 1853 1080 1936 V.)
1110 1855 1211 1919 dvo-o

49 1959 174 2038 μάζεται,
202 1961 269 2025 ὑπὸ
297 1963 332 2025 δὲ
361 1965 427 2026 τῶν
450 1963 523 2028 τότε
548 1963 730 2042 ἀνθρώπων
753 1964 945 2041 (ατοόρνιοι
968 1961 1029 2031 (sic
1055 1959 1114 2025 (lh.
1132 1959 1185 2044 V.)

48 2068 172 2146 ἐλέγετο,
196 2069 307 2148 ὥεπερ
331 2069 371 2133 ἂν
391 2069 475 2134 εἴποι
494 2091 539 2134 nc
553 2070 679 2136 Ἑλλάδι
699 2077 794 2154 φωνῇ
815 2069 954 2149 Κρόνιοε.
987 2068 1186 2152 Simpliciter

48 2179 142 2238 uatem
165 2175 195 2240 ‘a
220 2176 399 2240 saturando
422 2177 543 2241 dictum
568 2199 638 2242 esse
658 2175 844 2240 Saturnam’
868 2175 1061 2260 Fulgentius
1080 2174 1184 2259 Mytlr.

47 2279 96 2360 λλ
114 2281 243 2367 scribit,
270 2282 538 2368 ‘saturitatisque’
558 2285 689 2349 notione
706 2285 808 2348 utitur
830 2283 929 2347 ctiam
945 2283 1020 2366 ll,4
1040 2284 1073 2348 in
1093 2303 1184 2346 enar·

47 2388 133 2452 randa
152 2390 356 2454 abscisorum
377 2390 568 2474 genitalium
587 2389 713 2454 fabula:
738 2387 901 2474 Fulgentii
921 2399 1029 2454 antem
1049 2395 1082 2456 et
1096 2387 1182 2454 Cice·

46 2495 121 2558 roais
144 2495 431 2579 interpretationes
457 2498 562 2561 iunxit
584 2496 848 2580 Mythograplrus
873 2498 992 2580 Angeli
1015 2497 1080 2562 Mai
1101 2497 1142 2569 ll,
1159 2501 1184 2562 l.

46 2596 120 2664 'luiti
142 2607 218 2666 sunt
242 2603 428 2668 saturitatis
452 2603 483 2668 h.
503 2625 527 2666 c.
552 2603 762 2668 fecunditatis
786 2605 961 2687 copiaeque
985 2626 1041 2687 per
1064 2609 1182 2666 terram

47 2713 129 2790 atquc
151 2707 230 2774 adeo
259 2709 412 2774 mundum
435 2710 571 2774 diffusae
594 2709 759 2775 notionem
790 2732 828 2774 ex
859 2709 1024 2772 hodiernis
1049 2707 1184 2772 homiui·

47 2811 97 2878 bus
118 2814 282 2900 Sippellus
306 2817 392 2882 edita
417 2839 444 2880 a.
466 2818 550 2880 lata
576 2815 744 2900 bleirburgi
769 2813 818 2878 ‘cle
843 2817 931 2880 cultu
952 2813 1096 2878 Satcirni'
1120 2815 1182 2878 dis·

47 2923 221 3002 sertatione,
258 2921 482 3007 Schweglcrus
514 2922 679 2988 Historiae
713 2921 804 2986 Rom.
834 2921 848 2984 Ι
878 2944 906 3004 p.
927 2923 990 2985 224
1013 2943 1073 3005 sq.,
1105 2921 1181 2986 itera

47 3021 174 3094 ‘satoris'
205 3033 307 3112 atquc
335 3028 552 3095 ‘saturatoris'
581 3030 814 3114 cogitationem
843 3035 995 3093 consueta
1024 3028 1182 3112 ambigui·

51 3137 106 3196 late
128 3137 267 3202 miscens
287 3134 463 3202 Oreuzerus
486 3136 631 3220 Symbol.
654 3136 703 3200 ΙΙΙ
727 3161 755 3220 p.
772 3137 836 3202 680
860 3136 906 3199 cd.
926 3143 998 3200 tert.
1031 3136 1098 3201 Nec
1119 3137 1182 3201 dis·

48 3239 151 3318 plicere
183 3243 248 3308 sibi
277 3243 460 3308 Klauscnus
494 3245 703 3328 significavit,
742 3265 871 3308 securas
906 3243 944 3306 de
973 3241 1050 3308 ‘sat
1083 3244 1182 3308 satis

48 3346 154 3412 satur’
179 3371 296 3415 vocum
319 3349 471 3434 prosodia
495 3373 576 3434 quae
601 3355 711 3414 tautae
739 3352 767 3414 ei
797 3351 966 3416 offensioni
995 3352 1029 3414 in
1057 3357 1182 3416 satum

47 3451 152 3538 iuerat,
180 3457 237 3522 scd
267 3479 479 3542 compensans
508 3479 579 3522 earu
604 3457 856 3522 inconstantiam
886 3479 970 3522 nova
999 3459 1183 3542 excogitata

49 3559 169 3644 origine:
193 3585 260 3647 qua
278 3565 363 3628 enim
382 3564 434 3628 via
458 3587 474 3627 e
500 3581 574 3627 ron
599 3581 678 3628 non
703 3563 857 3648 stirpibus
878 3573 956 3628 nata
972 3569 1080 3656 esseut
1103 3565 1182 3647 ple·

51 3683 109 3730 nus
135 3691 291 3754 egenus,
319 3669 428 3735 eadem
458 3692 474 3734 e
499 3689 543 3734 sn
572 3667 703 3754 (sana)
736 3677 768 3734 ct
797 3693 912 3734 sanus
941 3669 1118 3752 pullulasse
1151 3675 1184 3734 et

51 3792 112 3837 cum
138 3775 197 3842 hoc
226 3781 402 3862 cognatum
432 3775 635 3841 Saturnus:
668 3799 749 3860 quae
778 3777 878 3859 stirps
908 3799 970 3860 quo
1001 3776 1183 3858 significatu

51 3875 152 3946 inisset
174 3905 239 3948 non
265 3885 398 3967 aperuit.
453 3883 576 3950 Contra
604 3889 762 3948 mutatam
790 3884 824 3946 iu
851 3882 968 3946 Lares
997 3881 1182 3947 Larentia

52 3989 76 4046 et
103 3985 208 4056 homo
241 3991 428 4056 humanus
461 3989 649 4074 prosodiam
682 3987 831 4054 auxiliari
864 3986 926 4050 sibi
960 3985 1182 4070 nehwoglerus

52 4091 152 4158 voluit:
175 4097 231 4161 illo
255 4097 381 4180 quidem
405 4096 554 4180 exemplo
579 4119 655 4160 usus
679 4095 898 4160 incertissimo
922 4097 955 4156 ct
978 4094 1029 4157 cui
1052 4117 1182 4176 persua·

52 4195 136 4264 deudi
158 4202 221 4266 rim
247 4204 300 4268 vix
322 4204 392 4288 ipse
416 4203 554 4284 tribuat,
586 4203 648 4268 hoc
675 4225 740 4268 non
771 4201 851 4266 satis
876 4201 997 4282 valido,
1030 4201 1057 4264 si
1087 4203 1181 4268 ruodo

53 4309 126 4366 recte
148 4305 331 4373 humanus
355 4332 419 4373 non
443 4331 481 4373 ex
506 4309 606 4392 bom,
630 4309 685 4373 sed
709 4331 747 4372 cx
772 4307 885 4370 lrornu
912 4305 1070 4392 (homin)
1098 4309 1180 4374 deri-

54 4413 143 4494 vatur,
165 4414 313 4480 similiter
331 4412 409 4500 (ιιοιι
424 4439 503 4480 sane
519 4417 657 4499 pariter)
677 4420 774 4498 atque
799 4413 978 4497 publicus
1003 4416 1179 4498 piiplious

55 4517 216 4598 poplicus
247 4543 313 4588 non
346 4523 537 4607 simpliciter
569 4523 649 4586 flexa
683 4544 752 4585 osse
785 4520 823 4583 de
856 4521 1035 4604 populus,
1074 4525 1128 4587 sed
1163 4549 1179 4590 c
