3040 5122
340 353 402 414 106
715 371 863 416 'uisurus
889 372 1104 419 uru'uuunaruus.

265 537 319 576 xri·
335 513 490 596 tuendique
515 515 614 578 verba
641 514 833 598 referantur,
861 502 1012 580 dedumae
1036 519 1144 579 autem
1168 514 1269 598 (cuius
1292 517 1372 597 parte
1390 517 1441 577 tau·

336 623 406 682 tum
426 619 535 703 aliqua
553 621 615 685 hoe
636 621 755 685 donum
775 619 965 706 parabatur)
984 622 1023 686 ad
1042 642 1150 685 ererum
1167 621 1314 684 radonem
1331 620 1442 703 plenam·

335 750 396 810 que
426 751 611 792 mensuram
643 729 817 812 exigendae
848 730 1001 793 auxilium
1034 728 1175 792 divinum
1211 750 1248 792 eo
1280 727 1444 809 imploretur,

335 835 420 919 quod
443 859 587 900 summae
611 837 761 921 religioni
785 836 958 901 haberetur
981 837 1091 919 aliqua
1109 836 1175 900 voti
1199 837 1289 918 parte
1311 833 1393 898 deum
1410 835 1445 896 rel

333 942 516 1006 inconsulto
535 943 698 1007 ’fraudari
745 941 812 1006 Nee
842 943 942 1006 scitur
970 965 1066 1025 quam
1100 942 1148 1005 vel
1176 941 1317 1005 liberalis
1342 939 1446 1024 ingenio

334 1053 366 1111 et
385 1048 509 1112 artibus
530 1051 650 1132 politus
672 1051 722 1113 vel
742 1071 853 1132 expers
873 1050 1053 1133 elegantiae
1072 1049 1179 1132 fuerit,
1198 1049 1249 1113 eui
1265 1046 1447 1132 componendi

333 1155 578 1238 epigrammatis
594 1157 760 1240 negotium
777 1157 990 1221 mandaretur.
1020 1156 1222 1240 Quamquam
1237 1160 1305 1219 tarn
1318 1153 1369 1216 ille
1382 1152 1447 1216 rudis

332 1265 364 1323 et
387 1283 488 1344 paene
513 1262 647 1326 dixerim
671 1263 805 1327 cerritus
829 1284 898 1326 esse
922 1285 986 1327 non
1006 1263 1113 1346 potuit
1132 1267 1176 1345 ut,
1199 1285 1273 1327 cum
1292 1262 1326 1325 iu
1343 1259 1447 1343 reliqua

332 1369 412 1432 satis
437 1370 518 1432 bene
542 1391 642 1452 opera
665 1371 694 1432 ei
719 1369 923 1453 processerit,
947 1368 1026 1432 haec
1045 1373 1154 1432 tamen
1174 1369 1259 1432 inter
1280 1392 1313 1434 se
1332 1371 1447 1433 constru-

332 1481 413 1539 eret:
438 1476 612 1540 Mum-euius
634 1476 688 1540 leoc
710 1478 824 1540 cluerent
847 1497 878 1541 sc
900 1478 1051 1540 duresco
1074 1477 1179 1540 uoinro
1202 1478 1307 1540 eumcum
1325 1481 1372 1556 er,
1392 1497 1447 1557 quo

331 1583 426 1647 modo
457 1606 632 1667 numquam
663 1584 834 1667 quisquam
863 1584 1048 1648 mortalium
1075 1584 1203 1648 locutus
1227 1587 1287 1647 est.
1335 1583 1378 1646 Ac
1397 1579 1449 1642 uitii

330 1694 441 1754 monet
468 1690 537 1773 ipse
566 1690 649 1754 alter
672 1712 798 1771 versus,
832 1690 880 1753 eui
911 1689 1030 1754 autad
1054 1691 1184 1773 plenam
1208 1711 1388 1753 mensuram
1403 1707 1449 1749 uua

330 1798 457 1880 syllaba
480 1798 570 1860 deest
593 1801 649 1860 aut
671 1797 877 1861 foedissimus
902 1797 1009 1861 hiatus
1033 1798 1158 1862 insidet.
1205 1798 1275 1873 Quo
1302 1796 1348 1859 sie
1369 1803 1450 1857 trans·

330 1904 446 1986 positis
472 1903 578 1966 verbis
601 1903 655 1967 lroe
674 1925 733 1986 pro
756 1925 854 1968 'usura
882 1909 1006 1969 remoto
1031 1910 1063 1969 et
1086 1903 1221 1967 indulsit
1245 1903 1310 1966 sibi
1334 1900 1451 1983 Scaliger

330 2010 414 2093 quod
434 2011 468 2073 iu
495 2009 557 2073 hoc
591 2031 706 2093 genere
729 2011 862 2074 minime
886 2012 979 2093 licet,
1007 2033 1065 2075 nec
1090 2011 1194 2094 magis
1218 2010 1379 2074 consuluit
1399 2029 1451 2091 syu-

329 2116 404 2180 taxi.
451 2115 653 2200 Quapropter
686 2140 752 2180 non
786 2140 855 2181 esse
884 2101 1016 2182 dubium
1045 2122 1136 2200 puto,
1169 2117 1247 2200 quin
1275 2115 1451 2200 quadratarii

329 2221 546 2304 imprudentia
570 2223 692 2306 aliquid
724 2223 885 2287 exciderit.
932 2223 1024 2299 Quod
1049 2223 1075 2286 si
1100 2223 1154 2306 qui
1179 2225 1262 2288 sorte
1286 2222 1452 2292 talefuisue

329 2329 515 2393 coniecerit:
554 2331 602 2393 ne
638 2332 764 2393 ulcerumc
801 2333 899 2393 uictor
931 2331 1001 2394 litei
1037 2329 1154 2394 Lucius
1184 2331 1332 2396 Nunnius
1361 2332 1451 2394 dorrrue

329 2437 472 2501 allecibus
495 2438 647 2518 anlu'qucis
666 2459 724 2518 pro
748 2459 845 2500 resuere
867 2438 921 2501 leuc
942 2437 1020 2500 uolt
1041 2438 1198 2501 ‹larescse
1242 2438 1352 2502 Visum
1368 2438 1452 2500 areima

327 2565 381 2608 ..seeo
395 2544 539 2625 perfecit:
564 2549 599 2607 ut
618 2567 769 2608 excusare
788 2545 894 2628 possit
912 2546 977 2608 uolt
995 2567 1052 2626 pro
1072 2545 1172 2608 euoluit
1189 2543 1344 2627 positum,
1366 2548 1452 2607 tameo

328 2651 424 2716 tertio
448 2673 542 2714 versu
567 2651 738 2716 subiecerit
763 2653 848 2736 quod
872 2667 968 2735 quam
992 2651 1131 2714 maxime
1151 2651 1270 2734 frigeat
1289 2654 1322 2714 et
1341 2670 1451 2734 prorsur

328 2779 601 2841 supervacaneum
631 2759 674 2821 sit
706 2759 745 2822 ad
775 2759 978 2822 seritentiam.
1024 2756 1105 2820 Vide
1134 2758 1234 2841 igitur
1257 2781 1336 2822 num
1360 2757 1453 2842 proba·

327 2866 423 2929 bilius
455 2872 487 2929 et
514 2887 664 2929 numeros
694 2869 726 2927 et
758 2857 1029 2929 constructionem
1059 2863 1250 2927 lllummiani
1283 2871 1397 2948 poetae
1420 2863 1453 2925 sic

327 2972 576 3055 redipiscumur:
611 2972 663 3036 De
695 2972 851 3035 decuma
874 2971 1002 3035 uictor
1025 2971 1121 3034 tibei
1145 2969 1285 3034 Lucius
1311 2969 1454 3034 Mumius

327 3080 462 3142 donum
487 3078 659 3142 Moribus
693 3079 888 3161 antiqueis
917 3101 984 3160 pro
1015 3098 1129 3140 usura
1152 3075 1239 3157 hoc,
1266 3079 1363 3157 qruod
1383 3077 1455 3139 dare

327 3207 410 3249 sese
434 3185 567 3248 Visum
592 3185 717 3249 animo
743 3208 823 3266 suo,
848 3184 1022 3267 perfecit.

416 3293 565 3357 Suu-rurae
594 3298 703 3357 autem
732 3293 899 3357 offensioni
927 3290 1100 3374 praevideo
1124 3313 1218 3354 versu
1242 3295 1359 3374 quarto
1382 3297 1412 3355 ta
1431 3293 1456 3352 ut

323 3400 433 3479 suedie
464 3402 540 3464 sore.
586 3400 649 3464 l'ro
683 3401 799 3483 quibus
833 3423 852 3463 a
880 3397 1045 3482 Scaligero
1074 3399 1239 3481 eleganter
1266 3399 1407 3483 reposita
1431 3401 1456 3458 ul
1509 3409 1510 3472 ζ

324 3507 428 3586 felicia
461 3506 559 3568 verba
596 3506 801 3588 quantumvis
839 3504 878 3567 ad
916 3504 1170 3588 intellegendum
1208 3507 1360 3588 expedita
1395 3506 1457 3571 sinl,

326 3617 434 3676 tamen
458 3613 514 3676 illa
538 3612 646 3696 potius
674 3634 787 3695 reapse
817 3612 981 3676 exstitisse
1009 3611 1043 3674 in
1072 3617 1281 3676 monumento
1309 3617 1359 3678 tot
1380 3611 1456 3677 testi·
1509 3609 1510 3685 l

325 3721 384 3784 bus
415 3720 607 3784 credendum
636 3723 695 3782 est.
742 3719 829 3794 Quae
859 3719 886 3782 si
920 3719 1038 3802 duplici
1066 3719 1192 3782 ratione
1218 3719 1346 3785 defendi
1373 3741 1455 3802 posse

326 3824 454 3909 dinero,
482 3830 519 3889 ut
542 3825 637 3889 fidem
663 3847 757 3909 aegre
782 3827 957 3908 inveniam,
980 3826 1144 3889 inveniam
1169 3829 1279 3890 tamen
1302 3833 1339 3891 ut
1360 3844 1456 3910 spero:

326 3954 521 4016 quamquam
545 3937 619 3996 utra
644 3934 726 3996 ratio
746 3937 896 4016 praestet,
920 3955 986 3996 non
1005 3933 1165 3996 definiam.
1204 3932 1272 3996 Aut
1291 3934 1373 3997 enim
1391 3952 1454 4012 syu-

326 4059 438 4119 copam
462 4040 586 4121 patitur
613 4041 723 4118 suedia
746 4042 779 4102 et
804 4041 901 4118 factio
924 4040 1167 4122 pronuntiatum
1192 4043 1256 4102 est:
1285 4039 1369 4124 quod
1389 4035 1455 4100 nolo

325 4147 444 4206 temere
473 4145 577 4208 dicere
606 4145 706 4208 videri
736 4167 845 4209 eorum
874 4146 1021 4228 exemplo
1051 4145 1104 4228 qui
1129 4146 1178 4209 vel
1208 4135 1271 4209 sib'i
1296 4146 1346 4209 vel
1375 4141 1454 4208 burri.-

324 4251 537 4332 scriptoribus
557 4251 636 4315 nihil
657 4253 806 4317 licentiae
825 4275 889 4316 non
910 4252 1034 4316 licitum
1053 4257 1169 4334 putare
1189 4251 1304 4335 solent,
1323 4251 1375 4315 sed
1393 4269 1453 4311 eum

324 4361 484 4421 certorum
509 4357 727 4438 exemplorum
752 4359 993 4441 comparatione
1017 4364 1086 4422 turn
1110 4359 1156 4422 ita
1183 4362 1220 4422 ut
1243 4363 1276 4422 et
1304 4352 1454 4440 eplelreia

325 4462 555 4530 consuetudine
579 4468 721 4545 repetam
742 4468 774 4527 et
796 4465 903 4548 prisco
928 4470 1055 4530 tantum
1079 4487 1158 4529 aevo
1178 4465 1318 4528 tribuam
1343 4463 1452 4528 facilem
