3008 5118
339 319 403 382 278
660 336 706 382 on
731 336 929 383 rrcrrmnvs
953 335 1162 382 miramars

340 501 409 541 esse
433 483 484 541 sat
508 486 596 542 certo
620 479 876 543 demonstratum
906 479 1053 542 viderem.
1099 476 1193 542 Certe
1217 474 1347 540 Plautus
1372 496 1406 537 ne
1430 473 1456 536 iu

339 585 480 668 pistrino
505 585 634 668 quidem
657 587 820 670 produxit:
844 587 878 650 in
902 586 990 650 cuius
1014 608 1031 650 e
1055 584 1225 650 Saturione
1250 605 1339 648 versu

452 727 592 792 Retrahr'
612 730 824 813 nequitum,
847 732 975 813 qudquo
998 749 1170 812 progressa
1193 727 1244 789 esc
1266 725 1361 789 semel

340 895 405 936 non
430 872 583 935 debuerat
608 873 675 936 sine
700 873 875 936 offensione
900 869 1115 955 praetermitti
1139 868 1214 934 ‘est'
1239 868 1366 933 voculae
1385 868 1460 931 omis-

341 979 403 1043 sio:
435 984 532 1062 atque
555 1001 624 1042 non
648 980 693 1041 sic
718 978 771 1041 sed
796 979 978 1060 nequitur
1005 977 1038 1039 in
1057 975 1089 1073 ll
1091 977 1152 1040 esti
1176 999 1206 1059 p.
1229 975 1290 1038 162
1308 974 1350 1037 M.
1374 975 1463 1038 codice

342 1085 498 1168 scriptum
530 1089 656 1148 exstare
689 1084 831 1167 locuples
865 1085 956 1147 testis
985 1082 1108 1146 Keilius
1140 1085 1270 1165 praesto
1303 1085 1351 1144 est
1379 1079 1463 1143 llusei

342 1190 401 1254 Rh.
426 1190 472 1254 Vl
496 1215 526 1275 p.
547 1193 620 1255 621.
666 1191 779 1275 Itaque
804 1214 876 1255 cum
899 1191 1011 1255 eodem
1041 1189 1246 1254 incommodo
1269 1187 1388 1252 ibidem
1410 1210 1464 1270 pro
1492 1233 1493 1240 κ

341 1296 427 1358 latus
451 1294 653 1360 Pacuvianus
678 1321 788 1362 versus
813 1298 905 1380 (390)
929 1298 1105 1362 laboraret:

366 1440 427 1504 aad
446 1463 518 1503 cum
539 1440 691 1504 contendi
713 1441 912 1524 nequitum
937 1440 977 1522 ui,
1001 1441 1084 1503 clam
1104 1438 1265 1504 tendenda
1289 1434 1338 1501 est
1358 1437 1450 1522 plaga

342 1606 407 1647 non
431 1582 561 1647 hercule
585 1583 653 1645 sine
678 1605 793 1646 caussa
816 1582 853 1645 de
874 1584 984 1646 eudem
1004 1583 1062 1646 illa
1084 1583 1268 1666 nequitur
1291 1583 1395 1646 forma
1410 1581 1467 1643 aa

344 1691 474 1755 beotius
509 1689 677 1772 cogitavit:
712 1690 790 1752 satis
824 1691 909 1752 enim
942 1693 1012 1753 erat
1043 1689 1206 1773 participii
1234 1711 1327 1754 usum
1355 1688 1467 1753 Catoni,
1492 1671 1493 1758 Ῐ

345 1795 492 1879 exemplo
518 1794 644 1858 firmare
670 1797 928 1879 grammaticum.
965 1796 1131 1860 Postremo
1155 1796 1247 1861 Accii
1271 1796 1467 1879 septenarium
1492 1805 1493 1860 ζ

345 1904 409 1967 662
438 1925 502 1965 non
532 1902 638 1965 minus
668 1903 833 1966 commode
868 1902 1062 1977 a‘Quttus
1097 1902 1184 1966 sum'
1218 1901 1318 1967 ordiri
1346 1923 1433 1984 quam
1455 1923 1466 1961 a

345 2009 500 2084 ‘Quitus
525 2006 623 2089 sum',
647 2009 786 2091 perspici
811 2009 851 2072 ab
876 2031 1068 2092 unoquoque
1087 2011 1247 2092 potuerat.
1267 2046 1309 2054 -
1329 2008 1466 2071 Adderen

344 2116 404 2196 his,
428 2137 494 2178 non
519 2115 585 2177 alia
609 2118 705 2198 atque
730 2119 829 2178 citus
855 2116 907 2179 via
931 2116 970 2179 ab
995 2119 1130 2179 attus
1154 2115 1203 2178 vel
1223 2119 1339 2179 titus
1363 2113 1467 2176 descer-

344 2223 418 2285 ‹lere
448 2226 543 2302 itus,
575 2221 641 2284 nisi
670 2220 721 2285 his
750 2244 833 2286 nunc
862 2223 1026 2286 immorari
1056 2222 1187 2287 nollem.
1232 2222 1302 2286 Nec
1328 2243 1378 2284 me
1403 2219 1467 2302 fugit

346 2330 475 2392 brevem
511 2327 545 2390 in
579 2332 700 2411 satuS,
734 2328 815 2390 uncle
844 2328 924 2391 haec
953 2328 1129 2412 disputatio
1160 2329 1266 2393 omnis
1295 2331 1402 2392 exorta
1425 2342 1493 2426 esc,

347 2434 491 2500 vocalem
515 2433 590 2496 inde
613 2434 716 2516 repeti
736 2457 755 2496 a
774 2433 980 2498 Lachmanno
1000 2434 1141 2498 Lucretii
1164 2456 1194 2516 p.
1213 2435 1267 2517 54,
1290 2435 1374 2518 quod
1395 2431 1465 2514 liqui·

346 2543 419 2606 darn
448 2541 568 2605 habeat
597 2562 748 2623 praesens
778 2563 876 2604 sero:
909 2562 990 2623 quae
1018 2563 1199 2605 consonans
1231 2542 1273 2604 ab
1296 2542 1365 2624 ipsa
1388 2539 1465 2619 stirpe

347 2649 435 2712 verbi
453 2670 520 2711 non
540 2648 645 2711 minus
667 2647 810 2711 seiuncta
829 2652 879 2710 est
893 2669 987 2732 quam
1007 2669 1029 2709 u
1048 2647 1158 2710 littera
1175 2647 1209 2711 in
1233 2647 1314 2710 lino
1338 2651 1367 2709 et
1390 2645 1465 2708 sino.

346 2756 430 2820 unda
454 2755 551 2818 litus
575 2759 674 2817 situs
700 2755 788 2818 fiunt.
823 2753 884 2817 Sed
909 2754 949 2817 ad
973 2754 1145 2818 vorborum
1164 2755 1283 2837 stirpes
1304 2750 1465 2819 consonanti
1492 2749 1493 2834 l

346 2862 536 2925 terminatas
560 2859 736 2942 exspatiari
760 2860 891 2941 longum
916 2865 974 2924 est.
1492 2843 1493 2862 ¹

435 2967 544 3050 Atque
568 2966 648 3030 haec
672 2968 751 3030 satis
783 2972 878 3030 sunto
902 2968 941 3031 de
965 2967 1170 3050 SaeturnO,
1202 2989 1222 3030 a
1250 2973 1324 3032 satu
1346 2966 1421 3030 dicto
1441 2981 1463 3023 ur

348 3075 517 3138 Plautinus
542 3072 763 3137 Nocturnus
787 3075 864 3137 deus
884 3096 903 3138 a
921 3078 1027 3138 nocte:
1052 3095 1247 3158 quamquam
1266 3074 1345 3138 illud
1359 3071 1466 3136 minim
1492 3071 1493 3152 l

348 3181 495 3263 impedio,
520 3181 690 3265 quominus
715 3202 778 3244 non
804 3185 950 3263 segetum
973 3184 1101 3243 tantum
1126 3185 1215 3245 sator
1238 3181 1308 3257 ille,
1335 3179 1382 3243 sed
1404 3183 1466 3238 tau-
1492 3163 1493 3240 l

349 3311 446 3370 quam
470 3287 555 3350 vitae
579 3288 741 3350 terrestris
765 3287 933 3350 universae
958 3291 1128 3368 generator
1147 3287 1316 3351 habeatur.
1346 3284 1464 3348 Tertium
1492 3279 1493 3288 ³

350 3394 522 3476 adicerem,
560 3398 687 3476 practer
720 3394 868 3477 vulgaria
903 3394 961 3458 illa
988 3392 1219 3457 Volturnum
1251 3392 1464 3456 Manturuau
1492 3429 1493 3432 =

350 3500 562 3582 Iuturnam,
591 3501 738 3582 pariliter
762 3501 960 3583 appellatum
990 3523 1008 3563 a
1032 3500 1115 3563 lacte
1140 3500 1369 3564 Lacturnum
1394 3497 1464 3558 deun

310 3628 366 3670 reo
391 3607 603 3670 Varronianis
633 3607 718 3688 apud
742 3607 960 3691 Augustinum
992 3607 1030 3669 do
1059 3606 1118 3670 civ.
1142 3607 1193 3670 dei
1217 3606 1273 3690 IV,
1297 3608 1331 3690 8,
1360 3605 1382 3668 si
1405 3599 1463 3665 miti

349 3715 387 3778 de
412 3714 472 3777 fide
496 3713 674 3795 scripturae
699 3714 778 3776 satis
803 3715 980 3777 constaret:
1004 3713 1087 3795 quod
1108 3713 1202 3796 quale
1222 3713 1267 3776 sit
1288 3734 1327 3776 ne
1349 3709 1398 3774 alii
1415 3705 1464 3789 qui·

349 3821 420 3883 dom
446 3821 526 3883 sciro
551 3821 640 3901 prius
665 3825 817 3901 poterunt
845 3841 940 3903 quam
970 3820 1102 3883 illorum
1130 3819 1288 3883 librorum
1316 3839 1375 3883 non
1396 3814 1464 3876 theo

349 3929 498 4012 logor-um
521 3930 664 4010 tantum,
693 3927 747 3990 sed
771 3926 1008 4010 philologoruin
1038 3927 1071 3989 in
1094 3949 1188 3990 usum
1212 3930 1325 4010 parata
1346 3917 1463 3987 recensio

351 4033 383 4095 iu
407 4038 560 4116 promptu
585 4033 654 4094 erit.
