3040 5122
438 399 587 448 rrrvnvs
611 399 830 448 nvnnrssvs.
1163 377 1206 442 83

80 539 309 606 inllummiana
332 541 447 608 tabula
469 543 498 606 ei
523 563 634 608 versus
659 547 775 626 essent,
798 561 856 606 uec
873 539 1031 604 Marinius
1051 539 1208 602 monstra-

80 649 119 712 rit
138 669 193 712 nec
214 651 289 732 post
308 669 381 712 eum
396 648 536 714 Orellins
556 650 709 733 delinivit,
732 647 901 714 Saturnios
924 669 994 712 asse
1019 643 1208 728 simpliciter

79 755 228 819 affirmans
251 777 281 821 n.
300 755 375 820 563.
412 754 496 821 Miro
519 757 652 824 invento
675 779 797 840 versus,
820 779 901 842 qnos
925 753 1029 820 nullos
1049 773 1119 816 esse
1138 751 1208 835 ipse

78 863 231 946 fateretur,
260 863 294 928 in
323 861 524 948 Anthologia
551 863 607 928 lat.
634 885 665 928 n.
691 865 732 929 13
760 862 911 947 Meyerns
938 859 1124 944 descripsit,
1157 857 1208 922 cui

78 975 175 1034 tumen
196 967 390 1055 pedisequus
412 991 478 1036 non
497 970 599 1036 deluit
617 970 736 1036 Zallins
760 993 790 1036 n.
806 971 904 1036 1922:
927 966 1081 1033 horribile
1101 969 1208 1030 autem

78 1097 270 1142 numerorum
302 1081 484 1142 monstrum
517 1077 677 1163 quoddam
710 1077 894 1157 ediderunt,
931 1095 1067 1160 qnorum
1098 1093 1210 1138 conso·

79 1182 160 1247 cutis
187 1183 323 1248 somniis
350 1185 454 1250 satius
481 1183 588 1251 fuerat
618 1185 719 1250 bonas
749 1185 875 1250 litteras
903 1203 968 1246 nou
996 1179 1210 1245 dehonestari.

78 1287 187 1356 Contra
209 1313 290 1376 quos
314 1291 445 1358 omnino
469 1293 617 1358 versibus
647 1293 815 1358 astrictam
846 1291 1027 1356 orationem
1056 1309 1126 1352 esse
1154 1285 1210 1350 alii

78 1401 234 1481 negarunt,
257 1419 323 1462 uon
347 1394 540 1464 Streuberus
563 1403 693 1465 tautum
716 1397 879 1482 dcocrdnp
907 1395 946 1460 de
974 1395 1120 1478 inscript
1145 1391 1211 1458 Sat

78 1503 331 1570 commentariolo
355 1527 385 1590 p.
404 1505 457 1571 33.
481 1506 522 1570 37
552 1509 585 1570 et
614 1527 731 1590 pravae
756 1503 920 1590 opinionis
944 1503 1093 1568 defensor
1116 1497 1210 1564 Cors-

78 1611 173 1676 senius
196 1609 285 1696 Orig.
308 1633 395 1695 poas.
418 1609 520 1696 Rom„
548 1611 603 1696 sed
627 1612 724 1676 etiam
750 1611 822 1676 sani
846 1609 896 1674 vir
919 1607 1027 1672 indicii
1051 1605 1211 1671 ilenricus

76 1715 189 1784 Keilius
217 1721 329 1783 noster
357 1717 391 1784 in
422 1717 544 1782 Diariis
573 1719 673 1804 antiq.
703 1718 786 1782 stud.
815 1741 842 1784 a
865 1717 948 1782 1848
977 1737 1007 1800 p.
1026 1713 1100 1778 277.
1151 1710 1211 1776 Cui

77 1827 175 1890 tamen
196 1829 233 1890 nt
255 1823 295 1888 de
318 1823 391 1888 aliis
415 1823 609 1908 quibusdam
632 1847 697 1890 non
721 1825 890 1907 assentior,
913 1824 960 1888 ita
983 1821 1017 1886 in
1036 1819 1211 1904 Eurysacis

78 1933 274 1996 monumento
298 1950 411 1994 versus
434 1951 505 1996 esse
529 1951 596 1996 uon
615 1931 719 2016 magis
748 1931 843 1996 credo
867 1952 963 2016 quam
991 1950 1057 1994 non
1086 1947 1155 1992 esse
1179 1926 1213 1990 iu

80 2033 273 2102 llnmnsiano.
319 2034 460 2101 Omnino
483 2041 590 2101 antem
616 2037 664 2102 ita
686 2038 792 2104 sentio
815 2041 852 2102 ut
876 2041 1083 2120 praepostere
1107 2033 1213 2118 egisse

80 2141 192 2206 credam
215 2142 408 2227 quicumque
432 2149 639 2227 apoetarnm
658 2143 850 2229 fragmentis
873 2141 979 2208 exorsi
1003 2140 1043 2205 ad
1061 2161 1213 2204 versuum

81 2243 291 2315 Saturniorum
327 2247 433 2332 legem
471 2249 644 2314 eruendam
683 2250 896 2335 perrexerint,
933 2247 1213 2330 certissimumque

81 2376 161 2420 verse
184 2354 348 2420 doctrinae
371 2355 495 2420 fontem
523 2379 594 2422 esse
622 2361 904 2422 monumentorum
932 2353 1081 2438 exempla
1104 2353 1214 2418 existi-

82 2567 126 2632 via
145 2567 198 2633 nbi
220 2569 349 2632 firmum
373 2567 618 2634 fundamentum
643 2569 765 2648 iuuetis,
793 2573 863 2633 tum
882 2569 1011 2634 demum
1035 2567 1214 2652 expenden-

82 2671 147 2738 dum
167 2673 240 2756 erit,
264 2674 292 2738 si
316 2695 399 2758 quaa
422 2671 507 2738 forte
529 2696 580 2740 res
601 2675 720 2738 sintin
739 2674 856 2759 quibus
881 2673 922 2738 ab
946 2673 1118 2758 indagatae
1141 2693 1214 2736 nor·

83 2801 144 2845 nae
165 2779 348 2846 constantia
367 2779 450 2844 Livii
465 2777 643 2866 Naeviiqua
667 2803 719 2846 ars
744 2781 928 2846 discesserit
952 2779 1119 2864 aliquanto
1142 2777 1215 2862 plus

83 2885 217 2952 licentiae
240 2887 303 2952 sibi
328 2909 467 2952 sumens.
512 2885 597 2952 Nam
621 2891 774 2952 constans
803 2889 853 2950 est
880 2907 958 2950 saue
982 2905 1079 2968 quam
1103 2905 1216 2948 monu-

85 2997 180 3060 menta
202 2994 307 3080 legem
331 2998 364 3058 et
382 2993 528 3079 regulam
548 2998 694 3060 servant:
717 2993 808 3058 cuius
832 2993 892 3056 etsi
913 2991 1145 3056 demonstratio
1169 2993 1216 3054 at
1257 3000 1262 3010 '

84 3119 134 3182 que
155 3099 301 3186 probatio
326 3099 360 3164 in
384 3099 481 3164 aliam
505 3101 782 3184 opportunitatem
810 3097 985 3164 differenda
1013 3101 1077 3179 est,
1107 3101 1216 3160 tamen

85 3227 229 3274 summam
253 3207 360 3290 ipsam
383 3205 494 3290 paucis
518 3207 564 3270 sic
588 3205 858 3292 comprehendere
882 3205 967 3288 licet,
992 3208 1026 3268 ut
1044 3225 1102 3268 nec
1122 3203 1216 3268 omit-

84 3315 160 3376 tatur
175 3335 328 3399 nmquam
347 3312 398 3380 rel
420 3313 537 3398 prioris
556 3313 755 3378 hemistichii
774 3313 939 3378 anacrnsis
958 3311 1009 3376 vel
1028 3309 1215 3376 alterutrius
1233 3321 1255 3362 11

84 3415 173 3486 thesis
197 3421 318 3500 finalis,
350 3441 409 3486 nec
440 3443 592 3506 umquam
616 3421 711 3486 alteri
738 3419 945 3484 hemistichio
973 3417 1138 3484 auacrusis
1162 3413 1216 3478 ad-

85 3523 175 3610 datur,
201 3549 259 3594 nec
283 3527 412 3612 saepius
437 3549 534 3612 quam
562 3527 596 3590 in
620 3527 756 3613 singulis
783 3525 998 3592 hemistichiis
1023 3523 1121 3588 semel
1143 3521 1216 3586 reli·

86 3651 155 3714 quae
191 3633 300 3698 theses
338 3633 595 3718 supprimantur,
636 3654 694 3696 uec
731 3633 903 3718 quicquam
940 3630 1130 3696 offensionis
1167 3627 1217 3691 rel

86 3741 194 3806 areium
226 3739 348 3806 solutio
381 3739 431 3805 vel
464 3738 625 3823 neglectio
656 3759 807 3803 caesurae
840 3739 890 3802 vel
920 3737 1081 3802 vocalium
1109 3733 1217 3798 hiatus

86 3843 199 3912 habeat.
244 3847 296 3912 nd
322 3867 403 3932 quas
426 3845 556 3930 regulas
581 3843 817 3910 Mummianum
840 3844 972 3909 titulum
1001 3841 1092 3906 nullo
1120 3859 1217 3924 nego·

88 3950 471 4032 tioaccommodabimus,
504 3949 601 4016 modo
634 3951 696 4016 duo
725 3950 864 4034 largiare
894 3947 980 4012 hand
1013 3969 1090 4010 sane
1118 3946 1219 4010 ardua

89 4055 208 4144 largitu:
240 4063 382 4148 primum
412 4063 449 4122 ut
481 4058 671 4142 lapidarius,
703 4081 776 4123 cum
804 4057 844 4122 ad
873 4057 968 4120 linem
997 4075 1108 4118 versus
1135 4052 1218 4116 sexti
1260 4095 1264 4102 -

91 4169 272 4244 pervenisset
296 4163 416 4244 QVOD
444 4163 562 4228 litteris
586 4165 766 4248 terminati,
794 4161 1023 4248 praetermissa
1051 4181 1145 4244 quam
1171 4159 1218 4222 iu·

92 4270 180 4339 cidere
202 4275 358 4341 debuerat
385 4271 425 4338 18
456 4273 580 4356 syllaba
606 4272 647 4337 ad
675 4271 815 4338 similem
843 4292 925 4355 quae
953 4268 1148 4354 sequebatur
1171 4263 1218 4329 IN

91 4381 222 4448 veodam
267 4379 489 4466 imprudenter
530 4379 733 4444 transiluisse
781 4377 944 4460 credatur,
988 4375 1142 4456 alterurn,
1184 4375 1220 4434 nt

93 4481 121 4546 in
152 4487 209 4554 duo
245 4485 405 4553 vocabula
442 4487 511 4550 sive
545 4485 688 4550 numeris
728 4486 795 4550 sive
829 4483 949 4548 eisdem
981 4479 1123 4546 numeris
1155 4499 1220 4541 non

970 4583 1007 4638 6*
