3108 5142
296 275 339 340 40
562 290 664 336 unors
688 288 840 336 rvsnrrn
864 286 949 333 unns
974 286 1176 333 svrnnsrus.

297 452 409 518 eadem
438 453 523 517 ratio
552 450 592 517 ad
621 451 701 516 teliu
728 449 896 534 pertinuit:
925 450 1067 514 'mearum
1095 467 1158 528 quo
1182 445 1318 526 formula
1344 445 1426 510 146.

296 560 349 644 49,
373 561 511 624 tueor-om
533 579 592 641 quo
615 559 723 641 oppido
742 557 773 621 H
793 559 823 622 2.
842 558 894 621 26.
913 555 964 620 53.
984 556 1035 620 56.
1069 553 1131 619 Sed
1150 556 1340 637 separantur
1356 555 1429 634 opud
1530 629 1531 634 Ι

297 689 367 733 eom
388 667 421 731 ΙΙ
445 668 496 732 31.
520 667 573 750 48,
595 668 675 731 iuter
697 686 745 730 eos
767 663 800 729 ΙΙ
826 666 875 729 18.
899 664 951 742 54,
974 663 1054 728 inter
1071 663 1264 745 pereprer'rros
1286 660 1430 725 12131.

298 775 438 842 Iunetim
461 773 541 838 haee
564 795 689 858 quoque
713 772 912 839 scribuntur:
945 775 1111 852 autequam
1133 768 1149 833 I
1172 769 1225 833 23.
1248 769 1306 848 32,
1327 769 1433 851 seipeid

299 886 331 947 et
358 881 473 964 nequid
500 880 516 944 Ι
542 881 590 944 13.
619 880 671 943 44.
694 878 727 942 ΙΙ
752 878 802 943 50.
849 877 971 943 Contra
998 898 1064 941 non
1090 875 1355 961 conglutinantur
1383 895 1434 956 quo
1529 923 1530 926 η

299 990 404 1053 minu-s
426 986 442 1051 l
467 987 518 1051 52.
540 985 573 1050 II
597 987 649 1068 21,
671 987 745 1050 cium
769 989 857 1049 tonet
884 984 900 1049 Ι
924 985 975 1050 27.
999 984 1051 1048 36.
1074 982 1107 1047 ΙΙ
1133 984 1186 1067 19,
1209 1005 1269 1049 neo
1292 1004 1434 1068 umquem
1529 1045 1530 1048 ,

300 1095 353 1160 vel
380 1094 457 1164 sotis
485 1095 560 1158 doro
588 1093 637 1157 vel
668 1094 745 1158 satis
770 1093 878 1174 faeere.
924 1092 969 1155 Et
996 1095 1125 1155 tentum
1154 1091 1192 1155 de
1220 1091 1283 1174 his,
1314 1111 1372 1154 neo
1393 1093 1437 1152 sat

301 1202 431 1286 magnis
456 1201 495 1265 ad
519 1200 756 1265 immorandum
780 1222 839 1264 nee
864 1199 903 1263 od
926 1198 1163 1284 neglegendum
1185 1198 1266 1263 satis
1289 1196 1404 1282 parvis.

770 1434 926 1442 Μ..
942 1434 980 1440 ---

860 1591 889 1655 Ι.

275 1772 428 1838 ⁵iussum
451 1773 669 1837 iudicatumue
693 1771 765 1856 erit,
788 1770 821 1834 id
834 1773 951 1849 =ratum
970 1791 1011 1832 ne
1031 1774 1114 1834 esto:
1138 1767 1286 1853 quodque
1307 1765 1442 1854 quidque

304 1900 460 1965 quomque
483 1879 520 1943 de
549 1899 588 1943 ea
610 1901 642 1943 re
665 1877 814 1942 decernet
837 1876 1073 1962 interdijeetue,
1101 1878 1187 1942 seiue
1211 1877 1417 1962 sponsionem
1438 1871 1442 1960 Ι

304 1988 391 2052 fierei
420 1987 653 2070 iudicaueritue
681 1984 807 2048 iubebit
841 1984 1035 2049 iudiciumne
1061 1983 1146 2068 quod
1172 1985 1208 2048 de
1232 2006 1271 2048 eu
1295 1982 1444 2064 redebit

304 2095 332 2159 is
347 2091 396 2178 tin
419 2093 452 2158 id
477 2092 640 2158 decretum
663 2092 870 2176 interdictum
894 2091 1100 2176 sponsionem
1121 2090 1276 2156 iudicium
1295 2086 1442 2175 exceptio*

302 2223 377 2265 nem
401 2199 511 2265 addito
536 2199 650 2263 addiue
674 2200 798 2264 iubeto:
827 2198 903 2283 ‘qua
928 2199 964 2264 de
987 2219 1019 2262 re
1041 2198 1149 2282 operis
1172 2199 1250 2263 noui
1273 2197 1471 2263 nuntiatio-5

302 2330 378 2372 nem
399 2312 403 2387 Ι
424 2307 508 2372 Huir
539 2306 659 2371 IIIIuir
686 2306 911 2392 praefectusue
936 2306 1003 2370 eius
1028 2305 1202 2390 munieipei
1231 2328 1297 2370 non
1322 2306 1446 2370 remeis-

304 2412 428 2499 sen'tsst
462 2443 466 2450 ·

219 2518 281 2586 XX
305 2522 377 2599 Qua
395 2521 433 2587 de
457 2544 491 2586 re
515 2520 650 2605 quisque
674 2522 707 2584 et
730 2542 749 2584 a
772 2541 834 2604 quo
858 2520 892 2584 in
917 2518 1026 2585 Gallie
1049 2521 1228 2606 cisalpeinu
1250 2520 1383 2586 domnei
1404 2520 1446 2584 in·

304 2628 400 2693 seetei
419 2626 425 2713 Ι
446 2649 484 2692 ex
511 2626 652 2692 formula
679 2626 884 2711 restipularei
908 2627 1030 2692 sutisue
1054 2629 1198 2712 accipere
1222 2628 1326 2712 uolet,
1358 2633 1391 2693 et
1411 2625 1446 2690 ab

304 2758 352 2820 eo,
375 2736 448 2821 quei
470 2733 474 2822 Ι
517 2735 583 2800 ibei
607 2735 657 2800 ius
681 2733 784 2818 deioet,
808 2734 1039 2819 postulauerit,
1062 2736 1158 2820 idque
1181 2759 1247 2802 non
1270 2737 1448 2802 kalumniae

303 2844 420 2909 kousso
438 2866 472 2909 se
491 2843 594 2909 secere
609 2841 779 2906 iurauerit:
803 2846 873 2905 tum
887 2841 924 2924 is,
938 2863 1002 2926 quo
1023 2841 1027 2925 Ι
1049 2843 1084 2906 de
1098 2863 1137 2906 eo·
1155 2843 1238 2908 rein
1258 2843 1308 2908 ius
1329 2843 1446 2908 aditum
1464 2843 1487 2892 ¹⁰

304 2953 375 3034 erit,
394 2972 476 3034 eum,
495 2951 570 3034 quei
589 2950 623 3013 in
640 2950 691 3014 ius
712 2949 843 3013 eductus
863 2948 932 3032 erit,
955 2948 992 3012 de
1011 2969 1050 3012 eu
1067 2969 1098 3013 re
1118 2971 1156 3014 ex
1174 2947 1326 3036 formutla
1346 2972 1448 3035 repro·
1536 2985 1537 3042 Ι

305 3059 434 3122 mittere
453 3059 494 3133 et,
514 3055 561 3119 sei
580 3055 659 3119 satis
680 3054 767 3118 darei
787 3053 926 3136 debebit,
946 3055 1026 3119 setis
1046 3055 1121 3120 dore
1141 3056 1251 3122 iubeto
1271 3053 1449 3142 defeernito.
1536 3057 1537 3082 ¹

306 3164 379 3250 quei
403 3185 514 3227 eorum
538 3164 585 3226 itu
604 3183 669 3226 uon
687 3161 946 3246 repromeisserit
969 3167 1024 3227 eut
1043 3185 1108 3227 non
1127 3165 1208 3228 satis
1228 3161 1371 3250 dederit,
1395 3164 1449 3229 sei·

264 3294 271 3303 ·
305 3271 382 3356 quid
396 3270 525 3334 interim
540 3269 649 3332 damni
665 3266 776 3332 datum
790 3268 954 3332 factumue
969 3291 1007 3332 ox
1023 3290 1060 3332 ee
1075 3291 1109 3332 re
1124 3274 1180 3333 aut
1195 3271 1236 3336 ob
1252 3293 1323 3336 eom
1333 3295 1398 3338 rem
1408 3295 1442 3335 eo
1536 3329 1537 3336 ,

306 3401 344 3443 ue
359 3376 488 3441 nomine
509 3376 579 3458 erit,
599 3397 696 3460 quem
711 3375 752 3438 ob
769 3397 836 3438 rem
850 3375 917 3439 utei
933 3375 1061 3439 damnei
1076 3375 1206 3441 infectei
1221 3378 1430 3461 repromissio
1445 3376 1448 3453 ]

307 3486 429 3550 satisne
445 3482 533 3546 datio
549 3481 646 3568 tierei,
660 3482 864 3566 postulatum
879 3481 954 3566 erit:
969 3486 1038 3547 tum
1052 3485 1257 3568 magistrat-us
1271 3507 1374 3568 prone
1388 3507 1449 3550 ma·
1468 3484 1492 3532 ¹⁵

306 3594 441 3680 gistratu
454 3588 539 3653 IIuir
559 3593 564 3668 Ι
584 3587 702 3652 IIIIuir
719 3590 947 3672 praeferet-reue,
966 3613 1191 3675 quoquumque
1207 3590 1243 3656 de
1257 3613 1296 3655 eo
1310 3613 1342 3656 re
1356 3593 1389 3658 in
1403 3593 1450 3655 ius

307 3700 430 3764 aditum
450 3697 520 3779 erit,
543 3696 579 3760 de
598 3717 636 3760 eo
655 3717 687 3760 re
705 3697 752 3760 ite
769 3695 819 3760 ius
841 3693 845 3780 Ι
866 3697 992 3779 deicito,
1015 3697 1135 3761 iudiein
1155 3698 1231 3763 dato
1250 3699 1450 3785 iudicareque

307 3807 415 3870 iubeto
440 3805 567 3888 cogito,
594 3803 730 3889 proinde
753 3807 849 3888 etque
874 3804 917 3868 sei
940 3802 943 3888 Ι
965 3805 1001 3868 de
1025 3825 1063 3867 eo
1086 3826 1125 3887 ro,
1150 3828 1248 3889 quom
1272 3806 1319 3870 ita
1342 3812 1449 3891 postu-

307 3914 410 3977 latum
435 3915 528 3994 esset,
553 3909 690 3993 dam[ni]
710 3910 840 3975 infectei
864 3933 901 3975 ex
925 3911 1065 3976 formula
1086 3913 1090 3996 Ι
1111 3917 1197 3977 reete
1222 3913 1448 3997 repromissum

309 4019 429 4086 satisne
458 4019 568 4082 datum
598 4023 692 4082 esset.
737 4018 775 4082 de
805 4019 872 4098 [e]o
899 4039 931 4082 re
959 4019 1043 4102 quod
1074 4019 1120 4083 ito
1143 4020 1295 4085 iudicium
1316 4017 1320 4105 Ι
1341 4020 1447 4085 datum
1465 4038 1491 4085 ee

307 4125 491 4192 iudieareue
514 4124 637 4189 iussum
660 4125 877 4189 iudicatumue
902 4124 972 4207 erit,
995 4125 1045 4189 ius
1065 4130 1235 4212 ratumque
1254 4131 1334 4212 esto,
1355 4125 1359 4212 Ι
1380 4127 1449 4192 dum

680 4316 831 4372 LECTIO
850 4316 1081 4373 EMENDATA

379 4407 615 4463 tinterdeieetue
688 4407 882 4462 3iudicoreue
958 4414 989 4463 15
1009 4409 1087 4464 fieret
1159 4410 1219 4462 erat
