2972 5120
324 360 389 425 564
561 376 706 424 barsena
731 373 955 425 narranaam
980 375 1234 424 arroanrnronrr

324 521 411 585 alind
440 523 572 586 omnino
604 523 729 586 nullum
758 519 932 586 Caesarum
965 521 1089 586 familia
1120 522 1280 605 probavit,
1309 520 1338 584 id
1363 520 1424 605 quod

323 629 374 693 vel
398 629 546 692 consules
574 651 732 693 annorum
761 629 836 694 597.
859 629 934 693 663.
957 629 1030 693 664.
1055 630 1120 692 690
1147 629 1268 692 docent
1309 627 1424 691 Ceterum
1478 669 1481 710 4

323 757 398 818 pars
422 735 588 799 Romanae
617 737 724 820 gentis
753 736 855 800 Iuliae
883 737 915 800 in
941 735 1048 800 Gallia
1075 735 1257 800 consederit
1282 758 1320 798 an
1340 735 1426 798 Rona-

323 866 383 907 nae
407 865 525 907 nomen
549 843 825 927 patrociniumque
849 841 973 906 Gallica
996 864 1074 926 gens
1098 843 1317 927 assumpserit,
1337 842 1425 905 incon

322 953 459 1033 pentum.

412 1056 551 1121 Tantum
585 1061 635 1120 est
668 1057 753 1140 quod
787 1057 826 1120 de
858 1056 1025 1121 mausoleo
1058 1055 1212 1120 Glanensi
1245 1055 1428 1119 dissererein

322 1168 474 1247 promptu
498 1169 548 1228 est
571 1164 753 1247 philologo:
777 1185 875 1247 penes
900 1163 1131 1247 archaeologos
1154 1185 1192 1226 ea
1209 1184 1286 1245 pars
1304 1160 1429 1245 quaestio

322 1272 373 1334 nis
398 1271 460 1333 erit
484 1293 565 1353 quae
590 1271 630 1333 ad
654 1275 757 1333 artem
782 1270 976 1353 singillatim
1000 1269 1222 1353 explicandam
1244 1269 1380 1352 pertinet
1397 1267 1430 1329 cui

322 1377 385 1459 ipsi
410 1378 535 1441 muneri
560 1399 625 1441 non
649 1376 832 1440 defuturum
856 1375 1036 1440 Bruanium
1060 1375 1259 1440 confidimus.

412 1731 542 1817 Septem
565 1733 715 1815 poculis
743 1733 897 1797 litteratis
927 1732 1177 1816 antiquissimis,
1206 1754 1288 1815 qnae
1314 1732 1391 1796 licuit
1413 1731 1433 1792 ir

324 1838 358 1904 P.
381 1839 416 1903 L.
440 1839 490 1904 M„
506 1841 542 1903 E.
567 1841 633 1902 tab.
654 1839 681 1902 X
708 1845 740 1904 et
762 1839 809 1903 XI
832 1845 1084 1923 repraesentare,
1108 1839 1245 1903 Brunnii
1268 1861 1348 1902 nunc
1368 1837 1433 1900 bene

322 1946 394 2010 ficio
419 1952 569 2010 octavum
593 1946 651 2008 sub
668 1945 701 2008 B
724 1947 847 2010 accedit
871 1947 910 2010 ad
931 1948 1052 2011 cultum
1070 1945 1294 2028 Aesculapii
1318 1949 1433 2029 spectans

322 2075 408 2116 anno
432 2054 497 2115 463
527 2075 556 2115 u.
581 2073 605 2115 c.
636 2052 774 2116 Romam
803 2056 964 2135 receptum
993 2053 1046 2133 [cf.
1069 2052 1206 2135 prem.
1235 2053 1334 2136 epigr.
1354 2047 1434 2132 lpr

321 2181 351 2223 n.
370 2160 414 2239 bl.
447 2158 656 2221 Simillimum
676 2159 707 2222 id
728 2159 865 2243 quidem,
889 2160 955 2223 sive
973 2164 1105 2242 paterae
1124 2159 1262 2242 liguram
1288 2159 1352 2222 sire
1367 2177 1434 2219 orna·

322 2270 430 2328 menta
453 2268 486 2327 et
510 2265 633 2328 colores
653 2270 795 2348 spectas,
818 2266 935 2349 poculo
954 2265 1004 2330 illi
1019 2262 1214 2330 VobcstNI
1234 2271 1293 2346 est,
1313 2262 1385 2349 quod
1401 2261 1435 2322 de

321 2371 477 2434 lineatum
499 2371 599 2434 habes
623 2370 643 2433 l.
659 2393 682 2433 s.
698 2393 721 2436 a.
745 2372 811 2434 tab.
826 2370 900 2454 XO,
922 2372 1083 2436 coloribus
1107 2373 1231 2454 pictum
1256 2372 1291 2435 in
1310 2365 1434 2435 Gerbanb'

321 2477 567 2542 ‘'Prinksclralen
588 2477 643 2539 dos
664 2477 809 2541 Berliner
831 2477 1006 2542 Museums'
1027 2477 1266 2560 (bemilam)
1291 2479 1352 2541 tab.
1368 2471 1435 2538 l'lll:

321 2584 563 2668 inscriptionem
588 2588 696 2646 autem
718 2584 802 2648 banc
826 2587 989 2650 monstrat

605 2721 843 2791 discituri
859 2762 865 2774 ·
880 2724 1182 2798 l’ocototona

321 2870 385 2934 Vbi
409 2870 544 2933 iteratas
568 2874 645 2950 post
663 2867 774 2932 POCO
794 2869 873 2933 duas
889 2869 943 2933 (ΒΟ
963 2870 1090 2934 litteras
1106 2869 1257 2953 (quarum
1279 2871 1361 2953 prior
1378 2867 1435 2929 min

321 2981 412 3040 curta
440 2976 545 3059 specie
575 2977 639 3059 est)
673 2997 739 3039 non
772 2976 907 3041 consilio
940 2976 1013 3060 ulli,
1046 2977 1101 3040 sed
1135 2976 1274 3059 simplici
1308 2969 1434 3040 scribent

319 3082 425 3164 lapsui
450 3082 558 3145 deberi
582 3086 668 3145 recte
688 3081 775 3146 haud
795 3082 890 3146 dubie
905 3082 1068 3146 Brunnius
1083 3082 1178 3164 vidit,
1202 3082 1258 3165 qui
1282 3087 1314 3144 et
1334 3077 1435 3144 investi·

320 3187 411 3270 gavit
434 3187 495 3250 hoc
518 3192 762 3252 monumentum
791 3193 824 3251 et
851 3188 972 3271 primus
1002 3189 1181 3272 publicavit
1204 3189 1238 3252 in
1262 3177 1434 3251 ‘Bullettino'
1480 3259 1481 3264 η

320 3291 405 3355 arch.
430 3292 521 3358 ltom.
545 3317 572 3356 a.
596 3295 679 3358 1864
703 3318 734 3376 p.
752 3296 803 3358 24.
847 3293 895 3358 De
919 3295 1044 3379 origine
1068 3300 1178 3358 autem
1202 3295 1262 3357 etsi
1288 3293 1360 3357 nihil
1382 3309 1434 3351 cau

321 3402 386 3461 stat
409 3400 472 3462 nisi
496 3400 536 3462 ab
565 3399 695 3464 bomine
723 3401 866 3484 regionis
891 3399 1043 3464 Clusinae
1067 3400 1202 3463 allatum
1227 3421 1297 3464 esse
1318 3398 1434 3462 Romam
1480 3445 1481 3450 1

320 3507 427 3568 tamen
453 3507 504 3566 sat
528 3506 741 3587 probabiliter
765 3507 803 3568 de
825 3506 957 3569 Etruria
982 3506 1185 3570 meridionali
1209 3505 1352 3590 cogitari,
1372 3498 1433 3563 andr

320 3609 463 3673 eiusdem
486 3611 614 3693 generis
635 3618 742 3676 cetera
765 3613 881 3694 pocula
900 3635 991 3676 sacra
1012 3612 1211 3696 prodierunt
1235 3613 1301 3676 iure
1319 3631 1370 3674 suo
1386 3607 1432 3668 ian

320 3719 370 3778 est
393 3715 477 3778 idem
502 3716 665 3780 Brunuius
689 3718 910 3781 ratiocinatus.
941 3716 1091 3781 Ceterum
1111 3718 1144 3780 in
1164 3717 1238 3800 ipsa
1255 3713 1432 3796 inscription

319 3823 467 3887 inusitati
496 3821 577 3885 nihil
606 3824 703 3906 inest,
737 3824 864 3907 quando
893 3845 951 3887 nec
977 3820 1029 3887 ΙλΙ
1056 3823 1279 3908 diphthongus
1305 3841 1356 3886 nec
1377 3837 1430 3898 syr

319 3951 397 4011 cope
423 3927 471 3992 Cb
496 3930 754 4009 consonantium,
786 3930 824 3992 de
853 3952 916 4012 qua
943 3929 1118 3994 identidem
1147 3930 1266 3993 dictum
1296 3931 1340 3991 cst
1364 3923 1430 3987 abb·

319 4034 489 4117 quicquam
522 4035 710 4098 offensionis
747 4036 780 4099 in
813 4036 910 4100 titulo
943 4035 1087 4098 exeuntis
1121 4035 1239 4100 saeculi
1270 4033 1362 4119 quinti
1394 4048 1429 4088 u-

319 4141 460 4204 ineuntis
485 4141 567 4204 sexti
592 4141 699 4204 babet.
1478 4135 1479 4146 ¹

407 4245 533 4310 Licebit
556 4251 663 4310 autem
687 4248 749 4310 hac
772 4248 1015 4329 opportunitate
1039 4248 1086 4311 uti
1110 4248 1150 4311 ad
1173 4246 1358 4313 recolendam
1379 4259 1426 4302 ma
1476 4199 1479 4330 l

285 4376 301 4412 x
320 4353 455 4416 moriam
475 4353 542 4418 eius
561 4355 682 4438 poculi,
705 4355 738 4417 in
758 4378 820 4438 qno
841 4356 994 4437 scripturn
1015 4377 1084 4418 esse
1099 4343 1425 4420 conanulut'tlu
1478 4335 1479 4354 ¹

318 4458 371 4519 diu
402 4464 451 4521 est
479 4483 516 4523 ex
545 4485 618 4544 urio,
642 4463 815 4526 tlarruccio
845 4467 880 4524 ut
904 4462 1031 4525 videtur
1058 4467 1203 4542 auctore,
1231 4465 1308 4526 sarna
1326 4471 1424 4536 prust
