3108 5142
268 1753 303 1791 Ill

860 1096 912 1174 ΙΙ.

480 1267 530 1348 lle
559 1266 760 1368 Pomponii
788 1266 945 1347 Bassnli
973 1266 1295 1369 epigrammata)

649 1427 735 1513 (eum
759 1430 870 1493 tabula
894 1426 1128 1513 litlrographa).

409 1734 594 1819 singulares
623 1734 789 1798 cautiones
818 1737 946 1797 constat
974 1738 1005 1797 et
1032 1734 1191 1797 lubricam
1221 1755 1316 1816 saepe
1345 1735 1449 1796 tracta-

320 1839 439 1903 tionem
463 1841 583 1904 habere
607 1839 760 1903 litteratis
784 1839 944 1922 lapidibus
974 1837 1153 1902 adhibitam
1183 1843 1285 1903 artem
1310 1839 1451 1903 criticam.

321 1947 410 2020 Quae
441 1950 603 2011 cautiones
632 1968 703 2009 cum
732 1947 843 2010 multis
871 1945 1019 2029 partibus
1049 1947 1290 2030 contineantur,
1322 1953 1392 2010 tum
1420 1943 1450 2006 ml

321 2051 570 2134 supplendorum
598 2053 784 2115 lacunarum
817 2075 962 2135 operam,
991 2052 1018 2114 si
1042 2052 1097 2135 qui
1126 2053 1250 2135 lapides
1280 2053 1331 2117 vel
1358 2049 1452 2116 mutili

320 2159 501 2223 exstiterint
525 2160 575 2222 vel
600 2158 708 2222 detriti
734 2159 782 2221 vel
807 2159 870 2222 alic
891 2159 985 2222 modo
1006 2159 1163 2243 corrupti,
1186 2161 1354 2242 pertinent
1376 2180 1453 2243 prae·

320 2269 369 2329 ter
392 2271 506 2330 cetera.
541 2265 578 2329 ln
599 2288 661 2348 quo
682 2286 796 2349 genere
816 2265 1016 2329 coniectandi
1036 2266 1132 2329 tidem
1152 2272 1324 2350 apparete
1346 2267 1453 2351 spatio·

320 2395 390 2435 rum
405 2373 530 2437 ratione
546 2372 718 2456 diligenter
738 2371 909 2436 observata
926 2372 1183 2456 litterarumque,
1201 2396 1281 2457 quae
1296 2373 1350 2436 rel
1370 2373 1454 2436 inter·

321 2479 456 2542 ciderint
478 2478 528 2542 rel
553 2480 753 2562 evanuerint,
778 2482 864 2542 recte
889 2478 1020 2542 definito
1044 2501 1179 2543 numero
1204 2480 1367 2564 imprimis
1389 2501 1454 2562 pen·

321 2586 406 2649 dere:
435 2587 528 2670 idque
553 2590 644 2650 tanto
670 2587 734 2649 fere
758 2586 864 2668 magis
892 2608 988 2668 quam
1017 2586 1051 2648 in
1079 2587 1343 2650 membranarum
1375 2584 1455 2649 char-

319 2698 466 2758 tarumvc
503 2695 639 2777 lacunis,
680 2698 800 2778 quanto
838 2693 989 2776 propiore
1026 2694 1197 2757 intervallo
1241 2694 1282 2757 ab
1321 2695 1454 2778 ipsorum

319 2801 512 2884 scriptorum
545 2825 643 2866 manu
675 2801 819 2885 lapidum
852 2823 948 2884 quam
981 2801 1124 2864 codicum
1160 2801 1318 2864 memoria
1352 2802 1456 2865 abesse

320 2911 402 2974 solet
425 2913 608 2994 quantoque
629 2909 750 2974 maiore
775 2931 846 2971 cum
871 2929 955 2990 eura,
978 2930 1042 2971 non
1065 2909 1169 2973 dicam
1190 2931 1326 2992 semper,
1347 2913 1381 2972 at
1399 2907 1456 2989 ple·

318 3039 452 3101 rumque
477 3017 602 3099 scalpro
626 3017 745 3080 incisas
770 3037 866 3097 quam
889 3014 1013 3079 calamo
1041 3022 1190 3080 exaratas
1214 3016 1342 3080 litteras
1368 3013 1457 3078 habc-

319 3146 399 3185 mus.
445 3121 558 3205 ltaque
591 3144 663 3186 cum
696 3121 729 3184 in
762 3121 934 3204 praecipua
963 3122 1061 3186 officii
1090 3127 1195 3207 parte,
1229 3123 1283 3208 qui
1313 3125 1347 3187 in
1377 3127 1457 3186 tran·

319 3229 495 3293 scribendis
520 3227 704 3312 epigraphis
728 3229 866 3311 peritam
890 3250 1023 3311 operam
1047 3233 1252 3312 consumunt,
1276 3230 1347 3294 iure
1372 3227 1457 3292 meri·

319 3341 416 3420 toque
446 3340 629 3400 accuratam
657 3335 902 3403 intervallorum
933 3335 1134 3399 notationem
1163 3335 1318 3420 habeant,
1352 3341 1454 3400 tamen

319 3444 368 3506 vel
393 3445 438 3507 sic
462 3443 557 3506 facile
580 3466 637 3507 nec
661 3465 734 3507 raro
755 3441 871 3504 accidit
890 3444 1007 3504 utnon
1026 3441 1133 3504 nullus
1153 3441 1352 3505 dubitationi
1373 3443 1457 3504 locus

319 3550 527 3634 relinquatur.
562 3549 651 3614 Solet
674 3555 779 3614 autem
804 3547 866 3611 hoc
890 3569 1074 3611 communes
1097 3571 1168 3612 curn
1189 3549 1234 3612 eis
1254 3545 1459 3613 dubitationi·
1545 3615 1546 3632 ἶ

319 3659 377 3721 hus
402 3640 533 3723 caussas
557 3656 689 3735 habere,
723 3678 804 3739 quae
833 3654 873 3717 ad
902 3655 1027 3718 litteras
1055 3677 1121 3717 non
1145 3655 1276 3719 omnino
1301 3654 1460 3734 cvmridas,
1545 3719 1546 3732 ,

318 3765 372 3828 scd
397 3767 584 3830 obscuratas
609 3764 822 3846 tenuibusque
845 3761 991 3845 vestigiis
1015 3761 1186 3844 pristinam
1208 3763 1347 3826 formam
1372 3781 1458 3826 suam

318 3873 497 3954 operientes
527 3874 632 3958 magis
656 3893 752 3955 quarn
785 3870 963 3953 aperientes
993 3873 1149 3951 spectant.
1190 3868 1276 3932 Nam
1300 3874 1332 3933 et
1356 3869 1458 3952 negle-

318 3985 437 4060 guntur
461 4003 555 4064 sacpc
579 3985 615 4044 ut
638 3978 828 4060 levidensia,
857 3998 937 4059 quae
966 3976 1068 4038 futuri
1096 3975 1198 4038 critici
1228 3975 1308 4039 scire
1333 3975 1458 4039 intersit

318 4090 353 4148 ut
377 4086 462 4168 quod
486 4089 636 4170 maxime,
668 4092 699 4150 et
728 4084 837 4148 fallaci
866 4082 1060 4146 confidentia
1089 4104 1147 4164 pro
1176 4082 1273 4145 certis
1301 4081 1459 4148 habentur

319 4193 367 4255 vol
392 4197 552 4257 certorum
576 4194 743 4276 similibus,
768 4213 849 4274 quae
875 4194 988 4272 suapte
1013 4194 1128 4253 natura
1152 4210 1283 4270 prorsus
1308 4189 1459 4272 ambigua

387 4445 413 4508 *)
434 4441 623 4512 [Prooemium
649 4440 747 4494 ludieis
771 4438 927 4493 scholarum
958 4437 1134 4490 hibernarum
1162 4437 1348 4491 llouncusium
1375 4453 1457 4491 anno·

316 4551 374 4587 rum
396 4531 655 4586 Claratntntvll
677 4533 702 4582 ct
724 4530 809 4596 Vlll.l
