2984 5122
195 435 199 444 ,
308 373 373 436 504
538 388 683 436 Persona
707 389 934 438 usurumsurs
958 389 1215 438 nercunrmcnu

308 533 362 615 qui
386 533 478 596 nulla
501 533 533 597 id
558 536 664 597 aetate
691 554 757 597 non
785 555 895 597 rarum
923 533 1023 599 fuisse
1053 539 1086 599 et
1107 538 1235 619 praeter
1256 534 1348 619 legem
1366 534 1411 597 lac-

308 645 377 703 tum
405 639 655 703 enchiridiorum
683 643 867 704 nostrorum
896 641 1107 725 scriptoribus
1131 641 1326 725 crediderint,
1348 640 1414 704 relul

308 745 449 810 Bechero
474 746 519 827 II,
543 747 563 809 2
591 769 621 830 p.
643 745 705 810 155
729 744 916 831 Langioque
938 747 955 810 Ι
978 772 1008 833 p.
1028 750 1101 814 544.
1151 747 1198 812 Flt
1224 751 1326 812 tamen
1344 747 1415 830 longe

309 853 396 917 aliud
421 852 497 916 fasti
520 853 704 917 consulares
728 852 844 917 docent
867 854 1054 940 diligentius
1077 855 1256 939 perquisiti.
1285 853 1358 918 Nam
1373 854 1416 917 ehi

310 959 507 1024 ‘consulares
531 957 609 1042 legi'
637 959 710 1042 ipsa
736 959 787 1022 lex
812 959 946 1025 iubebat
974 959 1012 1024 de
1037 960 1195 1026 dictatore
1219 960 1346 1025 creando
1369 960 1418 1022 lata

255 1072 441 1132 xrrauctore
466 1065 556 1130 Livio
581 1065 626 1148 II,
648 1067 702 1130 18:
735 1069 844 1129 tamen
872 1088 935 1130 non
964 1065 1112 1150 ‘aliquot'
1140 1071 1271 1133 tantum
1296 1068 1419 1150 exemplis

307 1175 366 1238 illa
397 1173 548 1258 neglecta-
580 1177 643 1254 est,
677 1172 732 1235 sed
764 1193 821 1254 per
854 1176 905 1236 sat
938 1194 1091 1258 magnum
1122 1175 1280 1258 temporis
1309 1175 1419 1258 spatium

309 1280 468 1365 quoddam
491 1283 559 1343 tarn
583 1279 735 1362 frequens
758 1301 824 1343 non
843 1280 1062 1344 consularium
1081 1281 1203 1346 creatio
1222 1281 1294 1364 fuit,
1315 1287 1348 1345 ut
1363 1280 1421 1344 adso

310 1389 433 1451 minore
457 1408 590 1449 numero
615 1385 800 1457 consulares
824 1367 1008 1469 appareant.
1044 1387 1131 1452 Nam
1154 1387 1229 1452 iude
1254 1411 1273 1453 a
1294 1387 1421 1473 principio

309 1495 337 1557 si
361 1494 465 1557 fastos
489 1492 747 1576 perlustraverit,
771 1493 850 1557 haec
873 1492 956 1556 ratio
975 1493 1119 1576 prodibit
1137 1516 1236 1578 quam
1254 1495 1332 1560 infra
1350 1495 1423 1576 scrip

310 1601 417 1684 simus,
440 1600 566 1664 Baiteri
590 1599 798 1683 potissimum
823 1621 921 1683 opera
945 1599 1004 1662 usi.
1041 1598 1153 1664 Habes
1176 1601 1276 1685 enim,
1297 1603 1353 1666 nisi
1369 1600 1423 1686 quid

309 1708 512 1792 peccavimus
535 1706 743 1789 numeranda

308 1889 510 1951 perannos
533 1864 872 1929 dictatoreszinhis
888 1868 1114 1932 consulares
1139 1867 1425 1933 nonconsulares

331 1973 506 2036 asa—387
621 1971 682 2033 XX
846 1963 850 1974 ’
963 1972 1042 2036 XIII
1302 1973 1360 2038 Vll

331 2065 506 2143 aar-1133
593 2076 719 2142 XXVII
972 2077 1035 2142 XII
1304 2080 1359 2145 XV

331 2187 506 2250 lat-453
629 2185 692 2249 XII
952 2208 1063 2250 omnes

353 2293 427 2356 circ.
441 2293 504 2356 467
607 2314 705 2355 unum
1289 2318 1378 2360 unum

331 2399 507 2462 474-552
613 2397 690 2462 XXI
954 2423 1065 2465 omnes
1088 2405 1219 2485 praeter
1241 2401 1412 2467 Minucium:

309 2559 435 2642 quando
461 2558 535 2622 anni
561 2557 624 2620 537
654 2556 791 2624 dictator
813 2559 849 2624 L.
867 2559 1022 2625 Veturius
1045 2561 1141 2627 Philo
1169 2584 1286 2628 caussa
1311 2584 1370 2626 non
1394 2568 1427 2624 et

309 2687 364 2729 cur
389 2666 471 2728 alius
496 2685 565 2727 esse
590 2667 686 2747 atque
710 2666 823 2730 consul
851 2668 928 2732 anni
951 2668 1017 2732 534
1044 2669 1200 2734 credatur.
1247 2669 1387 2735 (letarum
1403 2669 1427 2730 in

309 2772 360 2835 his
392 2770 552 2834 indicibus
585 2775 837 2836 consentancum
870 2773 932 2837 fuit
964 2778 996 2838 et
1024 2775 1135 2840 eodem
1165 2798 1239 2841 cum
1266 2777 1427 2843 consulibus

308 2881 378 2943 loco
401 2880 549 2943 tribunos
574 2855 715 2943 milltum
739 2880 901 2944 consulari
925 2885 1088 2964 potestate
1111 2882 1240 2967 haberi,
1265 2889 1296 2948 et
1316 2883 1427 2949 Gliciam

309 2986 402 3052 illum
426 3007 491 3049 non
514 2985 618 3048 curari
643 3007 737 3068 quem
758 3008 842 3051 anno
858 2986 923 3051 505
941 2988 1075 3073 indigno
1098 2988 1239 3056 ludibrio
1263 2991 1427 3056 dictatorem

310 3093 343 3155 P.
363 3091 515 3155 Claudius
538 3090 677 3154 Pulcher
700 3091 828 3177 dixit.*)
875 3091 943 3157 Nec
970 3094 1004 3158 in
1028 3095 1226 3161 calculorum
1250 3098 1370 3162 illorum
1389 3117 1426 3156 ra·

309 3197 397 3261 tione
417 3199 567 3261 universa
586 3199 757 3282 quicquam
778 3200 897 3262 mutari
917 3200 1009 3283 scito,
1033 3201 1061 3264 si
1079 3202 1164 3266 forte
1184 3226 1204 3267 a
1224 3204 1333 3267 ceteris
1349 3203 1427 3265 dicta·

308 3301 434 3365 toribus
460 3325 513 3366 eos
539 3325 607 3367 esse
631 3303 856 3369 discernendos
881 3306 1012 3388 opinere
1037 3307 1090 3390 qui
1111 3309 1237 3392 optima
1259 3310 1326 3396 lege
1346 3307 1426 3371 dicta-

309 3412 395 3471 tores
429 3409 474 3471 rei
503 3410 665 3492 gerundae
698 3432 813 3474 caussa
844 3411 941 3474 fuere.
994 3413 1108 3498 Itaque
1136 3415 1291 3500 quoniam
1316 3421 1425 3480 tautam.

397 3602 422 3671 *>
446 3602 486 3657 De
510 3603 650 3671 ambiguis
673 3621 723 3672 pro
748 3621 777 3656 re
801 3607 867 3658 nata
890 3604 1011 3659 breviter
1034 3607 1191 3661 statuimus.
1235 3608 1369 3664 Praeterea
1388 3601 1424 3671 qui

308 3694 452 3760 tamquam
473 3710 535 3745 cum
555 3692 712 3761 pulvisculo
732 3709 789 3746 rem
810 3693 955 3749 exhaurire
974 3694 1103 3764 voluerit,
1123 3695 1209 3750 etiam
1228 3697 1372 3751 distinctius
1387 3709 1423 3760 fc·

309 3780 374 3833 terit
392 3798 425 3834 ea
445 3781 573 3850 exempla
592 3780 747 3850 designare,
767 3798 829 3834 cum
849 3798 904 3835 non
923 3782 1090 3852 consulares,
1115 3783 1163 3838 sed
1183 3785 1233 3854 qui
1253 3785 1296 3841 vel
1312 3785 1423 3840 dictatura

308 3871 350 3937 (ut
374 3885 397 3923 a.
418 3876 477 3923 336.
498 3873 559 3937 405)
589 3871 634 3924 vel
657 3869 817 3939 magisterio
841 3871 968 3940 equItum
991 3873 1034 3941 (ut
1052 3890 1077 3927 a.
1097 3878 1159 3942 323)
1187 3874 1243 3929 iam
1267 3875 1337 3944 prim
1354 3871 1422 3925 lurra
1488 3907 1489 3912 κ

235 3989 247 4004 ·
309 3962 412 4026 essent,
441 3959 592 4013 dictatores
616 3958 685 4013 dicti
708 3961 780 4013 sunt.
818 3960 877 4012 Nec
896 3959 1024 4029 magistri
1043 3961 1169 4030 equitum
1188 3962 1288 4018 desunt
1305 3961 1356 4031 qui,
1373 3972 1419 4010 cun

308 4048 376 4102 item
400 4049 559 4103 consulares
582 4065 638 4102 non
662 4051 765 4115 essent,
793 4050 888 4103 tamen
911 4049 968 4102 iam
991 4052 1075 4104 antea
1099 4051 1145 4104 vel
1168 4052 1266 4106 eodem
1290 4045 1421 4120 magisterio

309 4137 433 4205 equitnm
458 4140 499 4206 (ut
522 4155 546 4192 a.
567 4141 629 4205 405)
659 4138 704 4191 vel
730 4137 791 4207 ipsa
816 4138 886 4192 adeo
910 4138 1050 4192 dictatura
1072 4138 1161 4194 suncti
1185 4139 1418 4208 stanconam:

309 4244 373 4280 nam
392 4228 456 4294 post
475 4226 644 4280 dictaturam
663 4229 822 4296 susceptum
842 4226 1034 4297 magisterium
1058 4227 1185 4297 equitum
1204 4229 1286 4284 etism
1302 4224 1356 4282 anui
1370 4225 1417 4273 419-

310 4321 368 4367 422.
388 4321 448 4370 429.
469 4321 520 4368 434
538 4317 694 4384 testantur).
734 4315 833 4379 Qualia
852 4316 1046 4385 exemplavubi
1064 4334 1079 4372 e
1099 4319 1254 4374 ceterorum
1271 4310 1417 4371 multitudino

309 4401 457 4467 exemeris,
481 4403 652 4457 calculorum
672 4406 827 4459 nostrorum
847 4405 955 4459 numeri
973 4406 1129 4474 paullulum
1152 4407 1334 4470 immutantur,
1351 4393 1417 4450 dell

310 4494 340 4545 et
357 4509 464 4545 summa
484 4493 734 4561 argumentationis
752 4493 824 4547 nihil
843 4494 1007 4550 detrahitur.
