<?xml version="1.0" encoding="UTF-8"?>
<!DOCTYPE html PUBLIC "-//W3C//DTD XHTML 1.0 Transitional//EN"
    "http://www.w3.org/TR/xhtml1/DTD/xhtml1-transitional.dtd">
<html xmlns="http://www.w3.org/1999/xhtml" xml:lang="en" lang="en">
 <head>
  <title>
</title>
<meta http-equiv="Content-Type" content="text/html;charset=utf-8" />
  <meta name='ocr-system' content='tesseract 3.04.00' />
  <meta name='ocr-capabilities' content='ocr_page ocr_carea ocr_par ocr_line ocrx_word'/>
</head>
<body>
  <div class='ocr_page' id='page_1' title='image "./fridericiritsch03ritsgoog_0579.png"; bbox 0 0 2972 5120; ppageno 0'>
   <div class='ocr_carea' id='block_1_1' title="bbox 310 385 1216 449">
    <p class='ocr_par' dir='ltr' id='par_1_1' title="bbox 310 385 1216 449">
     <span class='ocr_line' id='line_1_1' title="bbox 310 385 1216 449; baseline -0.002 -1"><span class='ocrx_word' id='word_1_1' title='bbox 310 385 375 448; x_wconf 75' lang='lat'>542</span> <span class='ocrx_word' id='word_1_2' title='bbox 551 401 693 449; x_wconf 73' lang='lat' dir='ltr'>sursera</span> <span class='ocrx_word' id='word_1_3' title='bbox 716 399 941 447; x_wconf 76' lang='lat' dir='ltr'>uurrurrurrs</span> <span class='ocrx_word' id='word_1_4' title='bbox 965 397 1216 446; x_wconf 76' lang='lat' dir='ltr'>urreuurmcun</span> 
     </span>
    </p>
   </div>
   <div class='ocr_carea' id='block_1_2' title="bbox 515 542 1478 928">
    <p class='ocr_par' dir='ltr' id='par_1_2' title="bbox 515 542 1246 619">
     <span class='ocr_line' id='line_1_2' title="bbox 515 542 1246 619; baseline 0 -11"><span class='ocrx_word' id='word_1_5' title='bbox 515 542 1246 619; x_wconf 34' lang='lat' dir='ltr'>...nruoruuuun</span> 
     </span>
    </p>

    <p class='ocr_par' dir='ltr' id='par_1_3' title="bbox 515 649 1249 714">
     <span class='ocr_line' id='line_1_3' title="bbox 515 649 1249 714; baseline 0.001 -1"><span class='ocrx_word' id='word_1_6' title='bbox 515 651 548 713; x_wconf 89' lang='lat' dir='ltr'>u</span> <span class='ocrx_word' id='word_1_7' title='bbox 581 684 590 697; x_wconf 41' lang='lat'>⁴</span> <span class='ocrx_word' id='word_1_8' title='bbox 623 649 1249 714; x_wconf 79' lang='lat' dir='ltr'>snxrrurvsu-u-nnn</span> 
     </span>
    </p>

    <p class='ocr_par' dir='ltr' id='par_1_4' title="bbox 515 755 1478 962">
     <span class='ocr_line' id='line_1_4' title="bbox 515 755 1478 822; baseline 0.001 -3"><span class='ocrx_word' id='word_1_9' title='bbox 515 755 1251 822; x_wconf 31' lang='lat' dir='ltr'>ursnunsrvs-u-uruu</span> <span class='ocrx_word' id='word_1_10' title='bbox 1477 783 1478 786; x_wconf 17' lang='grc' dir='ltr'><strong><em>κ</em></strong></span> 
     </span>
     <span class='ocr_line' id='line_1_5' title="bbox 1026 861 1252 928; baseline 0.004 -3"><span class='ocrx_word' id='word_1_11' title='bbox 1026 861 1252 928; x_wconf 78' lang='lat' dir='ltr'>unsre</span> 
     </span>
    </p>
   </div>
   <div class='ocr_carea' id='block_1_3' title="bbox 263 986 1437 3843">
    <p class='ocr_par' dir='ltr' id='par_1_5' title="bbox 263 986 1437 3843">
     <span class='ocr_line' id='line_1_6' title="bbox 312 986 1430 1070; baseline -0.003 -20"><span class='ocrx_word' id='word_1_12' title='bbox 312 988 396 1050; x_wconf 86' lang='lat' dir='ltr'>Hine</span> <span class='ocrx_word' id='word_1_13' title='bbox 420 991 528 1051; x_wconf 89' lang='lat' dir='ltr'>autem</span> <span class='ocrx_word' id='word_1_14' title='bbox 552 1009 751 1070; x_wconf 85' lang='lat' dir='ltr'>consequens</span> <span class='ocrx_word' id='word_1_15' title='bbox 777 993 826 1051; x_wconf 90' lang='lat' dir='ltr'>est</span> <span class='ocrx_word' id='word_1_16' title='bbox 852 991 886 1050; x_wconf 93' lang='lat' dir='ltr'>ut</span> <span class='ocrx_word' id='word_1_17' title='bbox 909 988 943 1051; x_wconf 92' lang='lat' dir='ltr'>in</span> <span class='ocrx_word' id='word_1_18' title='bbox 967 987 1055 1050; x_wconf 82' lang='lat' dir='ltr'>exitu</span> <span class='ocrx_word' id='word_1_19' title='bbox 1074 1009 1185 1052; x_wconf 85' lang='lat' dir='ltr'>versus</span> <span class='ocrx_word' id='word_1_20' title='bbox 1208 986 1302 1070; x_wconf 90' lang='lat' dir='ltr'>primi</span> <span class='ocrx_word' id='word_1_21' title='bbox 1324 986 1372 1049; x_wconf 81' lang='lat' dir='ltr'>vix</span> <span class='ocrx_word' id='word_1_22' title='bbox 1390 1007 1430 1067; x_wconf 86' lang='lat' dir='ltr'>po-</span> 
     </span>
     <span class='ocr_line' id='line_1_7' title="bbox 311 1091 1432 1177; baseline -0.004 -20"><span class='ocrx_word' id='word_1_23' title='bbox 311 1095 410 1158; x_wconf 88' lang='lat' dir='ltr'>tuerit</span> <span class='ocrx_word' id='word_1_24' title='bbox 442 1095 497 1158; x_wconf 90' lang='lat' dir='ltr'>alii</span> <span class='ocrx_word' id='word_1_25' title='bbox 529 1095 653 1158; x_wconf 90' lang='lat' dir='ltr'>nomini</span> <span class='ocrx_word' id='word_1_26' title='bbox 686 1095 776 1159; x_wconf 87' lang='lat' dir='ltr'>loeus</span> <span class='ocrx_word' id='word_1_27' title='bbox 805 1117 875 1158; x_wconf 88' lang='lat' dir='ltr'>esse</span> <span class='ocrx_word' id='word_1_28' title='bbox 902 1094 967 1158; x_wconf 93' lang='lat' dir='ltr'>nisi</span> <span class='ocrx_word' id='word_1_29' title='bbox 998 1093 1028 1157; x_wconf 90' lang='lat' dir='ltr'>ei</span> <span class='ocrx_word' id='word_1_30' title='bbox 1057 1093 1144 1177; x_wconf 94' lang='lat' dir='ltr'>quod</span> <span class='ocrx_word' id='word_1_31' title='bbox 1175 1095 1226 1157; x_wconf 89' lang='lat' dir='ltr'>est</span> <span class='ocrx_word' id='word_1_32' title='bbox 1252 1091 1432 1156; x_wconf 72' lang='lat' dir='ltr'>GABEINA.</span> 
     </span>
     <span class='ocr_line' id='line_1_8' title="bbox 263 1197 1432 1286; baseline -0.005 -22"><span class='ocrx_word' id='word_1_33' title='bbox 263 1201 353 1265; x_wconf 85' lang='lat' dir='ltr'>1in</span> <span class='ocrx_word' id='word_1_34' title='bbox 381 1203 481 1286; x_wconf 85' lang='lat' dir='ltr'>igitur</span> <span class='ocrx_word' id='word_1_35' title='bbox 510 1201 650 1264; x_wconf 80' lang='lat' dir='ltr'>...liae</span> <span class='ocrx_word' id='word_1_36' title='bbox 674 1201 708 1280; x_wconf 75' lang='lat' dir='ltr'>Q.</span> <span class='ocrx_word' id='word_1_37' title='bbox 730 1202 755 1282; x_wconf 77' lang='lat' dir='ltr'>s.</span> <span class='ocrx_word' id='word_1_38' title='bbox 779 1201 920 1265; x_wconf 81' lang='lat' dir='ltr'>Gabinae</span> <span class='ocrx_word' id='word_1_39' title='bbox 947 1201 982 1264; x_wconf 93' lang='lat' dir='ltr'>in</span> <span class='ocrx_word' id='word_1_40' title='bbox 1009 1203 1163 1283; x_wconf 88' lang='lat' dir='ltr'>promptu</span> <span class='ocrx_word' id='word_1_41' title='bbox 1191 1203 1240 1262; x_wconf 86' lang='lat' dir='ltr'>est</span> <span class='ocrx_word' id='word_1_42' title='bbox 1261 1197 1322 1262; x_wconf 86' lang='lat' dir='ltr'>hoe</span> <span class='ocrx_word' id='word_1_43' title='bbox 1344 1219 1432 1261; x_wconf 86' lang='lat' dir='ltr'>monu-</span> 
     </span>
     <span class='ocr_line' id='line_1_9' title="bbox 313 1306 1432 1390; baseline -0.005 -20"><span class='ocrx_word' id='word_1_44' title='bbox 313 1312 457 1370; x_wconf 91' lang='lat' dir='ltr'>mentum</span> <span class='ocrx_word' id='word_1_45' title='bbox 486 1307 633 1390; x_wconf 80' lang='lat' dir='ltr'>posuisse</span> <span class='ocrx_word' id='word_1_46' title='bbox 661 1307 708 1370; x_wconf 81' lang='lat' dir='ltr'>M.</span> <span class='ocrx_word' id='word_1_47' title='bbox 728 1306 892 1371; x_wconf 68' lang='lat' dir='ltr'>Sestilium</span> <span class='ocrx_word' id='word_1_48' title='bbox 915 1308 963 1371; x_wconf 87' lang='lat' dir='ltr'>M.</span> <span class='ocrx_word' id='word_1_49' title='bbox 988 1307 1006 1370; x_wconf 81' lang='lat' dir='ltr'>l.</span> <span class='ocrx_word' id='word_1_50' title='bbox 1026 1308 1179 1370; x_wconf 85' lang='lat' dir='ltr'>Hermum</span> <span class='ocrx_word' id='word_1_51' title='bbox 1209 1307 1260 1370; x_wconf 81' lang='lat' dir='ltr'>val</span> <span class='ocrx_word' id='word_1_52' title='bbox 1283 1306 1432 1369; x_wconf 66' lang='lat' dir='ltr'>Hermum</span> 
     </span>
     <span class='ocr_line' id='line_1_10' title="bbox 296 1399 1434 1501; baseline -0.003 -25"><span class='ocrx_word' id='word_1_53' title='bbox 296 1411 395 1501; x_wconf 59' lang='lat' dir='ltr'>(sive</span> <span class='ocrx_word' id='word_1_54' title='bbox 418 1414 585 1477; x_wconf 74' lang='lat' dir='ltr'>Heronem</span> <span class='ocrx_word' id='word_1_55' title='bbox 609 1414 709 1477; x_wconf 86' lang='lat' dir='ltr'>males</span> <span class='ocrx_word' id='word_1_56' title='bbox 734 1413 784 1476; x_wconf 87' lang='lat' dir='ltr'>vel</span> <span class='ocrx_word' id='word_1_57' title='bbox 809 1415 1018 1495; x_wconf 68' lang='lat' dir='ltr'>Hermippum</span> <span class='ocrx_word' id='word_1_58' title='bbox 1041 1399 1272 1477; x_wconf 68' lang='lat' dir='ltr'>Heremo-auo</span> <span class='ocrx_word' id='word_1_59' title='bbox 1295 1411 1434 1475; x_wconf 75' lang='lat' dir='ltr'>Heracle</span> 
     </span>
     <span class='ocr_line' id='line_1_11' title="bbox 311 1517 1434 1604; baseline -0.004 -21"><span class='ocrx_word' id='word_1_60' title='bbox 311 1543 380 1584; x_wconf 78' lang='lat' dir='ltr'>rreru</span> <span class='ocrx_word' id='word_1_61' title='bbox 407 1521 603 1584; x_wconf 73' lang='lat' dir='ltr'><em>Heraclitum</em></span> <span class='ocrx_word' id='word_1_62' title='bbox 636 1521 827 1584; x_wconf 78' lang='lat' dir='ltr'>Herodotum</span> <span class='ocrx_word' id='word_1_63' title='bbox 860 1525 892 1583; x_wconf 87' lang='lat' dir='ltr'>et</span> <span class='ocrx_word' id='word_1_64' title='bbox 923 1520 950 1582; x_wconf 89' lang='lat' dir='ltr'>si</span> <span class='ocrx_word' id='word_1_65' title='bbox 978 1542 1042 1603; x_wconf 89' lang='lat' dir='ltr'>qua</span> <span class='ocrx_word' id='word_1_66' title='bbox 1070 1524 1146 1584; x_wconf 89' lang='lat' dir='ltr'>sunt</span> <span class='ocrx_word' id='word_1_67' title='bbox 1178 1517 1314 1604; x_wconf 79' lang='lat' dir='ltr'>similia)</span> <span class='ocrx_word' id='word_1_68' title='bbox 1345 1522 1375 1582; x_wconf 88' lang='lat' dir='ltr'>et</span> <span class='ocrx_word' id='word_1_69' title='bbox 1401 1517 1434 1580; x_wconf 76' lang='lat' dir='ltr'>ll.</span> 
     </span>
     <span class='ocr_line' id='line_1_12' title="bbox 312 1625 1435 1712; baseline -0.007 -21"><span class='ocrx_word' id='word_1_70' title='bbox 312 1627 466 1691; x_wconf 83' lang='lat' dir='ltr'>Baebium</span> <span class='ocrx_word' id='word_1_71' title='bbox 490 1628 536 1690; x_wconf 82' lang='lat' dir='ltr'>M.</span> <span class='ocrx_word' id='word_1_72' title='bbox 557 1629 575 1692; x_wconf 81' lang='lat' dir='ltr'>l.</span> <span class='ocrx_word' id='word_1_73' title='bbox 595 1626 796 1708; x_wconf 77' lang='lat' dir='ltr'>Pamphilum</span> <span class='ocrx_word' id='word_1_74' title='bbox 820 1625 902 1712; x_wconf 87' lang='lat' dir='ltr'>(sive</span> <span class='ocrx_word' id='word_1_75' title='bbox 925 1625 1133 1691; x_wconf 83' lang='lat' dir='ltr'>Pammaebus</span> <span class='ocrx_word' id='word_1_76' title='bbox 1155 1625 1311 1710; x_wconf 78' lang='lat' dir='ltr'>placebit)</span> <span class='ocrx_word' id='word_1_77' title='bbox 1334 1626 1435 1688; x_wconf 66' lang='lat' dir='ltr'>orarum.</span> 
     </span>
     <span class='ocr_line' id='line_1_13' title="bbox 402 1729 1435 1820; baseline -0.008 -21"><span class='ocrx_word' id='word_1_78' title='bbox 402 1735 497 1799; x_wconf 87' lang='lat' dir='ltr'>Illam</span> <span class='ocrx_word' id='word_1_79' title='bbox 512 1741 620 1799; x_wconf 91' lang='lat' dir='ltr'>autem</span> <span class='ocrx_word' id='word_1_80' title='bbox 636 1735 681 1798; x_wconf 81' lang='grc' dir='ltr'>ΕΙ</span> <span class='ocrx_word' id='word_1_81' title='bbox 696 1735 944 1820; x_wconf 77' lang='lat' dir='ltr'>diphthongum,</span> <span class='ocrx_word' id='word_1_82' title='bbox 957 1755 1037 1817; x_wconf 90' lang='lat' dir='ltr'>quae</span> <span class='ocrx_word' id='word_1_83' title='bbox 1053 1732 1229 1798; x_wconf 70' lang='lat' dir='ltr'>GABE-rfna</span> <span class='ocrx_word' id='word_1_84' title='bbox 1246 1739 1277 1798; x_wconf 87' lang='lat' dir='ltr'>et</span> <span class='ocrx_word' id='word_1_85' title='bbox 1293 1729 1435 1796; x_wconf 59' lang='lat' dir='ltr'>Annibi</span> 
     </span>
     <span class='ocr_line' id='line_1_14' title="bbox 314 1841 1434 1926; baseline -0.004 -21"><span class='ocrx_word' id='word_1_86' title='bbox 314 1843 544 1906; x_wconf 82' lang='lat' dir='ltr'>vocabulorum</span> <span class='ocrx_word' id='word_1_87' title='bbox 568 1842 746 1906; x_wconf 87' lang='lat' dir='ltr'>eommunis</span> <span class='ocrx_word' id='word_1_88' title='bbox 767 1845 824 1926; x_wconf 88' lang='lat' dir='ltr'>est,</span> <span class='ocrx_word' id='word_1_89' title='bbox 848 1864 921 1906; x_wconf 88' lang='lat' dir='ltr'>oum</span> <span class='ocrx_word' id='word_1_90' title='bbox 941 1841 1032 1926; x_wconf 87' lang='lat' dir='ltr'>gravi</span> <span class='ocrx_word' id='word_1_91' title='bbox 1055 1853 1124 1904; x_wconf 84' lang='lat' dir='ltr'>esse</span> <span class='ocrx_word' id='word_1_92' title='bbox 1145 1863 1257 1905; x_wconf 92' lang='lat' dir='ltr'>eorum</span> <span class='ocrx_word' id='word_1_93' title='bbox 1276 1845 1434 1923; x_wconf 79' lang='lat' dir='ltr'>temporum</span> 
     </span>
     <span class='ocr_line' id='line_1_15' title="bbox 314 1947 1435 2033; baseline -0.007 -21"><span class='ocrx_word' id='word_1_94' title='bbox 314 1954 503 2033; x_wconf 90' lang='lat' dir='ltr'>argumento</span> <span class='ocrx_word' id='word_1_95' title='bbox 524 1949 663 2012; x_wconf 87' lang='lat' dir='ltr'>diximus</span> <span class='ocrx_word' id='word_1_96' title='bbox 684 1970 767 2032; x_wconf 90' lang='lat' dir='ltr'>quae</span> <span class='ocrx_word' id='word_1_97' title='bbox 785 1948 916 2013; x_wconf 88' lang='lat' dir='ltr'>fuerunt</span> <span class='ocrx_word' id='word_1_98' title='bbox 933 1947 1054 2011; x_wconf 85' lang='lat' dir='ltr'>liberae</span> <span class='ocrx_word' id='word_1_99' title='bbox 1071 1947 1295 2030; x_wconf 81' lang='lat' dir='ltr'>reipublicae,</span> <span class='ocrx_word' id='word_1_100' title='bbox 1316 1947 1348 2010; x_wconf 91' lang='lat' dir='ltr'>id</span> <span class='ocrx_word' id='word_1_101' title='bbox 1362 1966 1435 2028; x_wconf 86' lang='lat' dir='ltr'>quan</span> 
     </span>
     <span class='ocr_line' id='line_1_16' title="bbox 313 2052 1436 2140; baseline -0.005 -23"><span class='ocrx_word' id='word_1_102' title='bbox 313 2056 377 2118; x_wconf 92' lang='lat' dir='ltr'>vim</span> <span class='ocrx_word' id='word_1_103' title='bbox 402 2055 522 2119; x_wconf 88' lang='lat' dir='ltr'>habeat</span> <span class='ocrx_word' id='word_1_104' title='bbox 546 2057 655 2140; x_wconf 89' lang='lat' dir='ltr'>paullo</span> <span class='ocrx_word' id='word_1_105' title='bbox 681 2056 862 2120; x_wconf 79' lang='lat' dir='ltr'>accuratius</span> <span class='ocrx_word' id='word_1_106' title='bbox 892 2077 962 2119; x_wconf 88' lang='lat' dir='ltr'>esse</span> <span class='ocrx_word' id='word_1_107' title='bbox 990 2054 1206 2119; x_wconf 86' lang='lat' dir='ltr'>definiendum</span> <span class='ocrx_word' id='word_1_108' title='bbox 1234 2052 1436 2138; x_wconf 79' lang='lat' dir='ltr'>intellegimus.</span> 
     </span>
     <span class='ocr_line' id='line_1_17' title="bbox 314 2161 1435 2245; baseline -0.006 -20"><span class='ocrx_word' id='word_1_109' title='bbox 314 2165 361 2225; x_wconf 86' lang='lat' dir='ltr'>Ae</span> <span class='ocrx_word' id='word_1_110' title='bbox 380 2163 519 2245; x_wconf 88' lang='lat' dir='ltr'>primum</span> <span class='ocrx_word' id='word_1_111' title='bbox 544 2164 623 2226; x_wconf 90' lang='lat' dir='ltr'>satis</span> <span class='ocrx_word' id='word_1_112' title='bbox 648 2165 776 2227; x_wconf 81' lang='lat' dir='ltr'>constat</span> <span class='ocrx_word' id='word_1_113' title='bbox 799 2162 918 2226; x_wconf 90' lang='lat' dir='ltr'>diutius</span> <span class='ocrx_word' id='word_1_114' title='bbox 941 2162 1033 2226; x_wconf 88' lang='lat' dir='ltr'>illam</span> <span class='ocrx_word' id='word_1_115' title='bbox 1055 2161 1090 2224; x_wconf 94' lang='lat' dir='ltr'>in</span> <span class='ocrx_word' id='word_1_116' title='bbox 1114 2161 1343 2226; x_wconf 85' lang='lat' dir='ltr'>terminatione</span> <span class='ocrx_word' id='word_1_117' title='bbox 1365 2180 1435 2220; x_wconf 81' lang='lat' dir='ltr'>rora·</span> 
     </span>
     <span class='ocr_line' id='line_1_18' title="bbox 313 2266 1435 2352; baseline -0.004 -21"><span class='ocrx_word' id='word_1_118' title='bbox 313 2267 462 2332; x_wconf 84' lang='lat' dir='ltr'>bulorunr</span> <span class='ocrx_word' id='word_1_119' title='bbox 494 2269 654 2352; x_wconf 81' lang='lat' dir='ltr'>haesisse,</span> <span class='ocrx_word' id='word_1_120' title='bbox 687 2269 782 2332; x_wconf 89' lang='lat' dir='ltr'>eitius</span> <span class='ocrx_word' id='word_1_121' title='bbox 813 2291 831 2331; x_wconf 88' lang='lat' dir='ltr'>a</span> <span class='ocrx_word' id='word_1_122' title='bbox 860 2266 996 2350; x_wconf 86' lang='lat' dir='ltr'>syllabis</span> <span class='ocrx_word' id='word_1_123' title='bbox 1029 2266 1144 2330; x_wconf 89' lang='lat' dir='ltr'>mediis</span> <span class='ocrx_word' id='word_1_124' title='bbox 1177 2269 1282 2332; x_wconf 86' lang='lat' dir='ltr'>areeri</span> <span class='ocrx_word' id='word_1_125' title='bbox 1314 2272 1435 2350; x_wconf 78' lang='lat' dir='ltr'>coeptam</span> 
     </span>
     <span class='ocr_line' id='line_1_19' title="bbox 314 2355 1436 2458; baseline -0.006 -20"><span class='ocrx_word' id='word_1_126' title='bbox 314 2397 392 2438; x_wconf 87' lang='lat' dir='ltr'>esse.</span> <span class='ocrx_word' id='word_1_127' title='bbox 421 2355 505 2440; x_wconf 79' lang='lat' dir='ltr'>&#39;Sed</span> <span class='ocrx_word' id='word_1_128' title='bbox 533 2400 574 2439; x_wconf 89' lang='lat' dir='ltr'>ne</span> <span class='ocrx_word' id='word_1_129' title='bbox 603 2377 869 2439; x_wconf 86' lang='lat' dir='ltr'>terminationum</span> <span class='ocrx_word' id='word_1_130' title='bbox 898 2375 1027 2458; x_wconf 85' lang='lat' dir='ltr'>quidem</span> <span class='ocrx_word' id='word_1_131' title='bbox 1059 2397 1124 2439; x_wconf 90' lang='lat' dir='ltr'>una</span> <span class='ocrx_word' id='word_1_132' title='bbox 1155 2374 1333 2458; x_wconf 87' lang='lat' dir='ltr'>eademque</span> <span class='ocrx_word' id='word_1_133' title='bbox 1363 2373 1436 2436; x_wconf 82' lang='lat' dir='ltr'>ratio:</span> 
     </span>
     <span class='ocr_line' id='line_1_20' title="bbox 314 2479 1435 2564; baseline -0.007 -19"><span class='ocrx_word' id='word_1_134' title='bbox 314 2505 372 2545; x_wconf 86' lang='lat' dir='ltr'>nee</span> <span class='ocrx_word' id='word_1_135' title='bbox 397 2482 481 2545; x_wconf 87' lang='lat' dir='ltr'>enim</span> <span class='ocrx_word' id='word_1_136' title='bbox 506 2483 556 2546; x_wconf 87' lang='lat' dir='ltr'>vel</span> <span class='ocrx_word' id='word_1_137' title='bbox 580 2483 614 2546; x_wconf 91' lang='lat' dir='ltr'>in</span> <span class='ocrx_word' id='word_1_138' title='bbox 638 2481 751 2546; x_wconf 83' lang='lat' dir='ltr'>formis</span> <span class='ocrx_word' id='word_1_139' title='bbox 775 2480 961 2545; x_wconf 81' lang='lat' dir='ltr'>verbalibus</span> <span class='ocrx_word' id='word_1_140' title='bbox 990 2481 1041 2545; x_wconf 82' lang='lat' dir='ltr'>vel</span> <span class='ocrx_word' id='word_1_141' title='bbox 1067 2481 1101 2544; x_wconf 92' lang='lat' dir='ltr'>in</span> <span class='ocrx_word' id='word_1_142' title='bbox 1125 2481 1270 2564; x_wconf 89' lang='lat' dir='ltr'>ipsorum</span> <span class='ocrx_word' id='word_1_143' title='bbox 1295 2479 1435 2545; x_wconf 81' lang='lat' dir='ltr'>nominum</span> 
     </span>
     <span class='ocr_line' id='line_1_21' title="bbox 314 2587 1436 2672; baseline -0.007 -20"><span class='ocrx_word' id='word_1_144' title='bbox 314 2589 463 2672; x_wconf 82' lang='lat' dir='ltr'>genetivo</span> <span class='ocrx_word' id='word_1_145' title='bbox 488 2589 659 2672; x_wconf 84' lang='lat' dir='ltr'>dativoque</span> <span class='ocrx_word' id='word_1_146' title='bbox 683 2589 841 2672; x_wconf 83' lang='lat' dir='ltr'>singulari</span> <span class='ocrx_word' id='word_1_147' title='bbox 859 2587 1122 2672; x_wconf 84' lang='lat' dir='ltr'>nominatiroque</span> <span class='ocrx_word' id='word_1_148' title='bbox 1145 2587 1266 2670; x_wconf 84' lang='lat' dir='ltr'>plurali</span> <span class='ocrx_word' id='word_1_149' title='bbox 1291 2588 1436 2670; x_wconf 77' lang='lat' dir='ltr'>imperato</span> 
     </span>
     <span class='ocr_line' id='line_1_22' title="bbox 314 2691 1436 2778; baseline -0.007 -22"><span class='ocrx_word' id='word_1_150' title='bbox 314 2717 385 2757; x_wconf 90' lang='lat' dir='ltr'>rum</span> <span class='ocrx_word' id='word_1_151' title='bbox 410 2699 499 2758; x_wconf 87' lang='lat' dir='ltr'>aetas</span> <span class='ocrx_word' id='word_1_152' title='bbox 523 2694 760 2778; x_wconf 85' lang='lat' dir='ltr'>diphthongum</span> <span class='ocrx_word' id='word_1_153' title='bbox 781 2695 845 2758; x_wconf 91' lang='lat' dir='ltr'>nisi</span> <span class='ocrx_word' id='word_1_154' title='bbox 864 2695 946 2758; x_wconf 90' lang='lat' dir='ltr'>raris</span> <span class='ocrx_word' id='word_1_155' title='bbox 966 2693 1119 2778; x_wconf 83' lang='lat' dir='ltr'>exemplis</span> <span class='ocrx_word' id='word_1_156' title='bbox 1140 2693 1292 2776; x_wconf 86' lang='lat' dir='ltr'>servavit,</span> <span class='ocrx_word' id='word_1_157' title='bbox 1317 2691 1436 2756; x_wconf 80' lang='lat' dir='ltr'>substitit</span> 
     </span>
     <span class='ocr_line' id='line_1_23' title="bbox 314 2795 1436 2885; baseline -0.004 -22"><span class='ocrx_word' id='word_1_158' title='bbox 314 2801 378 2864; x_wconf 87' lang='lat' dir='ltr'>fere</span> <span class='ocrx_word' id='word_1_159' title='bbox 402 2801 436 2864; x_wconf 94' lang='lat' dir='ltr'>in</span> <span class='ocrx_word' id='word_1_160' title='bbox 459 2801 530 2864; x_wconf 89' lang='lat' dir='ltr'>unis</span> <span class='ocrx_word' id='word_1_161' title='bbox 550 2802 668 2866; x_wconf 85' lang='lat' dir='ltr'>dativis</span> <span class='ocrx_word' id='word_1_162' title='bbox 688 2802 902 2884; x_wconf 87' lang='lat' dir='ltr'>ablativisque</span> <span class='ocrx_word' id='word_1_163' title='bbox 922 2801 1112 2885; x_wconf 88' lang='lat' dir='ltr'>pluralibus,</span> <span class='ocrx_word' id='word_1_164' title='bbox 1131 2823 1330 2884; x_wconf 87' lang='lat' dir='ltr'>quamquam</span> <span class='ocrx_word' id='word_1_165' title='bbox 1351 2820 1386 2862; x_wconf 87' lang='lat' dir='ltr'>ne</span> <span class='ocrx_word' id='word_1_166' title='bbox 1401 2795 1436 2859; x_wconf 80' lang='lat' dir='ltr'>hir</span> 
     </span>
     <span class='ocr_line' id='line_1_24' title="bbox 315 2902 1436 2992; baseline -0.008 -21"><span class='ocrx_word' id='word_1_167' title='bbox 315 2909 444 2990; x_wconf 90' lang='lat' dir='ltr'>quidem</span> <span class='ocrx_word' id='word_1_168' title='bbox 474 2908 524 2972; x_wconf 85' lang='lat' dir='ltr'>vel</span> <span class='ocrx_word' id='word_1_169' title='bbox 553 2932 624 2972; x_wconf 91' lang='lat' dir='ltr'>eum</span> <span class='ocrx_word' id='word_1_170' title='bbox 649 2909 759 2992; x_wconf 87' lang='lat' dir='ltr'>aliqua</span> <span class='ocrx_word' id='word_1_171' title='bbox 783 2908 967 2972; x_wconf 86' lang='lat' dir='ltr'>constantia</span> <span class='ocrx_word' id='word_1_172' title='bbox 995 2908 1061 2989; x_wconf 85' lang='lat' dir='ltr'>vel,</span> <span class='ocrx_word' id='word_1_173' title='bbox 1092 2907 1119 2970; x_wconf 91' lang='lat' dir='ltr'>si</span> <span class='ocrx_word' id='word_1_174' title='bbox 1144 2907 1286 2989; x_wconf 80' lang='lat' dir='ltr'>alonge</span> <span class='ocrx_word' id='word_1_175' title='bbox 1310 2902 1436 2992; x_wconf 78' lang='lat' dir='ltr'>paucissi·</span> 
     </span>
     <span class='ocr_line' id='line_1_25' title="bbox 315 3001 1437 3098; baseline -0.006 -22"><span class='ocrx_word' id='word_1_176' title='bbox 315 3015 375 3076; x_wconf 89' lang='lat' dir='ltr'>mis</span> <span class='ocrx_word' id='word_1_177' title='bbox 390 3015 537 3078; x_wconf 89' lang='lat' dir='ltr'>dubiisve</span> <span class='ocrx_word' id='word_1_178' title='bbox 553 3015 749 3098; x_wconf 66' lang='lat' dir='ltr'>discesseris</span> <span class='ocrx_word' id='word_1_179' title='bbox 768 3016 872 3080; x_wconf 87' lang='lat' dir='ltr'>ultra</span> <span class='ocrx_word' id='word_1_180' title='bbox 886 3001 1069 3098; x_wconf 69' lang='lat' dir='ltr'>¹tempora</span> <span class='ocrx_word' id='word_1_181' title='bbox 1088 3011 1270 3077; x_wconf 78' lang='lat' dir='ltr'>Caesaris</span> <span class='ocrx_word' id='word_1_182' title='bbox 1290 3007 1437 3098; x_wconf 76' lang='lat' dir='ltr'>Augusti</span> 
     </span>
     <span class='ocr_line' id='line_1_26' title="bbox 314 3120 1436 3204; baseline -0.001 -22"><span class='ocrx_word' id='word_1_183' title='bbox 314 3120 426 3202; x_wconf 85' lang='lat' dir='ltr'>ltaque</span> <span class='ocrx_word' id='word_1_184' title='bbox 450 3121 522 3202; x_wconf 88' lang='lat' dir='ltr'>ipsa</span> <span class='ocrx_word' id='word_1_185' title='bbox 540 3121 710 3204; x_wconf 83' lang='lat' dir='ltr'>Augustea</span> <span class='ocrx_word' id='word_1_186' title='bbox 734 3124 842 3184; x_wconf 88' lang='lat' dir='ltr'>aetate</span> <span class='ocrx_word' id='word_1_187' title='bbox 865 3142 999 3203; x_wconf 89' lang='lat' dir='ltr'>perrara</span> <span class='ocrx_word' id='word_1_188' title='bbox 1022 3122 1098 3183; x_wconf 90' lang='lat' dir='ltr'>sunt</span> <span class='ocrx_word' id='word_1_189' title='bbox 1121 3121 1154 3182; x_wconf 90' lang='lat' dir='ltr'>et</span> <span class='ocrx_word' id='word_1_190' title='bbox 1177 3141 1215 3184; x_wconf 80' lang='lat' dir='ltr'>ex</span> <span class='ocrx_word' id='word_1_191' title='bbox 1241 3126 1336 3204; x_wconf 89' lang='lat' dir='ltr'>parte</span> <span class='ocrx_word' id='word_1_192' title='bbox 1353 3120 1436 3201; x_wconf 83' lang='lat' dir='ltr'>singu·</span> 
     </span>
     <span class='ocr_line' id='line_1_27' title="bbox 316 3224 1437 3312; baseline -0.001 -24"><span class='ocrx_word' id='word_1_193' title='bbox 316 3227 406 3308; x_wconf 83' lang='lat' dir='ltr'>laria,</span> <span class='ocrx_word' id='word_1_194' title='bbox 430 3228 572 3310; x_wconf 90' lang='lat' dir='ltr'>qualium</span> <span class='ocrx_word' id='word_1_195' title='bbox 597 3228 631 3290; x_wconf 92' lang='lat' dir='ltr'>in</span> <span class='ocrx_word' id='word_1_196' title='bbox 655 3229 887 3292; x_wconf 87' lang='lat' dir='ltr'>vetustioribus</span> <span class='ocrx_word' id='word_1_197' title='bbox 913 3226 1016 3291; x_wconf 88' lang='lat' dir='ltr'>titulis</span> <span class='ocrx_word' id='word_1_198' title='bbox 1040 3248 1107 3289; x_wconf 92' lang='lat' dir='ltr'>non</span> <span class='ocrx_word' id='word_1_199' title='bbox 1131 3225 1250 3311; x_wconf 77' lang='lat' dir='ltr'>exigua</span> <span class='ocrx_word' id='word_1_200' title='bbox 1274 3224 1437 3312; x_wconf 73' lang='lat' dir='ltr'>frequentia</span> 
     </span>
     <span class='ocr_line' id='line_1_28' title="bbox 316 3329 1436 3418; baseline -0.001 -24"><span class='ocrx_word' id='word_1_201' title='bbox 316 3333 404 3395; x_wconf 85' lang='lat' dir='ltr'>velut</span> <span class='ocrx_word' id='word_1_202' title='bbox 431 3331 562 3418; x_wconf 77' lang='lat' dir='ltr'>haee*):</span> <span class='ocrx_word' id='word_1_203' title='bbox 596 3335 752 3418; x_wconf 86' lang='lat' dir='ltr'>temporis</span> <span class='ocrx_word' id='word_1_204' title='bbox 778 3357 861 3398; x_wconf 89' lang='lat' dir='ltr'>anno</span> <span class='ocrx_word' id='word_1_205' title='bbox 887 3335 947 3398; x_wconf 77' lang='lat'>731</span> <span class='ocrx_word' id='word_1_206' title='bbox 981 3333 1099 3417; x_wconf 91' lang='lat' dir='ltr'>prioris</span> <span class='ocrx_word' id='word_1_207' title='bbox 1122 3331 1389 3398; x_wconf 79' lang='lat' dir='ltr'><strong>PTOLEMAIEI</strong></span> <span class='ocrx_word' id='word_1_208' title='bbox 1407 3329 1436 3394; x_wconf 65' lang='lat' dir='ltr'>tsi</span> 
     </span>
     <span class='ocr_line' id='line_1_29' title="bbox 316 3438 1435 3525; baseline -0.004 -24"><span class='ocrx_word' id='word_1_209' title='bbox 316 3438 411 3502; x_wconf 88' lang='lat' dir='ltr'>modo</span> <span class='ocrx_word' id='word_1_210' title='bbox 445 3440 524 3502; x_wconf 84' lang='lat' dir='ltr'>satis</span> <span class='ocrx_word' id='word_1_211' title='bbox 557 3442 631 3505; x_wconf 87' lang='lat' dir='ltr'>huie</span> <span class='ocrx_word' id='word_1_212' title='bbox 664 3442 795 3505; x_wconf 82' lang='lat' dir='ltr'>lectioni</span> <span class='ocrx_word' id='word_1_213' title='bbox 825 3439 915 3524; x_wconf 79' lang='lat' dir='ltr'>fidei)</span> <span class='ocrx_word' id='word_1_214' title='bbox 948 3439 1168 3506; x_wconf 78' lang='lat' dir='ltr'>Orell-Henu</span> <span class='ocrx_word' id='word_1_215' title='bbox 1200 3463 1231 3504; x_wconf 93' lang='lat' dir='ltr'>n.</span> <span class='ocrx_word' id='word_1_216' title='bbox 1252 3443 1353 3525; x_wconf 85' lang='lat'>5311;</span> <span class='ocrx_word' id='word_1_217' title='bbox 1380 3441 1435 3502; x_wconf 78' lang='lat' dir='ltr'>iren</span> 
     </span>
     <span class='ocr_line' id='line_1_30' title="bbox 316 3541 1434 3631; baseline -0.002 -23"><span class='ocrx_word' id='word_1_218' title='bbox 316 3546 391 3610; x_wconf 87' lang='lat' dir='ltr'>anui</span> <span class='ocrx_word' id='word_1_219' title='bbox 414 3547 474 3610; x_wconf 77' lang='lat'>741</span> <span class='ocrx_word' id='word_1_220' title='bbox 501 3545 733 3611; x_wconf 75' lang='lat' dir='ltr'>MERENTEI</span> <span class='ocrx_word' id='word_1_221' title='bbox 758 3547 810 3611; x_wconf 91' lang='lat' dir='ltr'>Or.</span> <span class='ocrx_word' id='word_1_222' title='bbox 830 3548 933 3613; x_wconf 76' lang='lat'>2863:</span> <span class='ocrx_word' id='word_1_223' title='bbox 957 3586 998 3592; x_wconf 78' lang='grc'>-</span> <span class='ocrx_word' id='word_1_224' title='bbox 1023 3570 1085 3630; x_wconf 90' lang='lat' dir='ltr'>quo</span> <span class='ocrx_word' id='word_1_225' title='bbox 1111 3547 1235 3612; x_wconf 88' lang='lat' dir='ltr'>aceedit</span> <span class='ocrx_word' id='word_1_226' title='bbox 1259 3541 1434 3631; x_wconf 76' lang='lat' dir='ltr'>antiquitati:</span> 
     </span>
     <span class='ocr_line' id='line_1_31' title="bbox 316 3647 1434 3738; baseline -0.003 -22"><span class='ocrx_word' id='word_1_227' title='bbox 316 3654 546 3717; x_wconf 88' lang='lat' dir='ltr'>consuetudine</span> <span class='ocrx_word' id='word_1_228' title='bbox 566 3662 747 3738; x_wconf 85' lang='lat' dir='ltr'>propagata</span> <span class='ocrx_word' id='word_1_229' title='bbox 766 3654 929 3737; x_wconf 78' lang='lat' dir='ltr'>scriptura</span> <span class='ocrx_word' id='word_1_230' title='bbox 942 3652 1100 3717; x_wconf 80' lang='lat' dir='ltr'>PLanl</span> <span class='ocrx_word' id='word_1_231' title='bbox 1119 3655 1277 3737; x_wconf 87' lang='lat' dir='ltr'>temporis</span> <span class='ocrx_word' id='word_1_232' title='bbox 1297 3675 1376 3717; x_wconf 90' lang='lat' dir='ltr'>anno</span> <span class='ocrx_word' id='word_1_233' title='bbox 1391 3647 1434 3713; x_wconf 62' lang='lat' dir='ltr'>{tt}</span> 
     </span>
     <span class='ocr_line' id='line_1_32' title="bbox 317 3755 1434 3843; baseline -0.011 -19"><span class='ocrx_word' id='word_1_234' title='bbox 317 3761 507 3842; x_wconf 89' lang='lat' dir='ltr'>posterioris</span> <span class='ocrx_word' id='word_1_235' title='bbox 532 3759 584 3824; x_wconf 90' lang='lat' dir='ltr'>Or.</span> <span class='ocrx_word' id='word_1_236' title='bbox 602 3761 663 3823; x_wconf 69' lang='lat'>748</span> <span class='ocrx_word' id='word_1_237' title='bbox 689 3759 737 3840; x_wconf 81' lang='lat' dir='ltr'>[C.</span> <span class='ocrx_word' id='word_1_238' title='bbox 751 3760 776 3823; x_wconf 92' lang='lat' dir='ltr'>l.</span> <span class='ocrx_word' id='word_1_239' title='bbox 791 3760 824 3824; x_wconf 93' lang='lat' dir='ltr'>L.</span> <span class='ocrx_word' id='word_1_240' title='bbox 845 3759 885 3842; x_wconf 89' lang='lat' dir='ltr'>V,</span> <span class='ocrx_word' id='word_1_241' title='bbox 900 3760 920 3823; x_wconf 80' lang='lat'><strong>2</strong></span> <span class='ocrx_word' id='word_1_242' title='bbox 938 3782 968 3823; x_wconf 92' lang='lat' dir='ltr'>n.</span> <span class='ocrx_word' id='word_1_243' title='bbox 985 3759 1095 3840; x_wconf 65' lang='lat' dir='ltr'>roan.</span> <span class='ocrx_word' id='word_1_244' title='bbox 1125 3759 1308 3843; x_wconf 76' lang='lat' dir='ltr'>Aliquanto</span> <span class='ocrx_word' id='word_1_245' title='bbox 1328 3755 1434 3842; x_wconf 73' lang='lat' dir='ltr'>saepius,</span> 
     </span>
    </p>
   </div>
   <div class='ocr_carea' id='block_1_4' title="bbox 317 3965 1478 4573">
    <p class='ocr_par' dir='ltr' id='par_1_6' title="bbox 317 3965 1478 4573">
     <span class='ocr_line' id='line_1_33' title="bbox 406 3965 1431 4038; baseline -0.013 -14"><span class='ocrx_word' id='word_1_246' title='bbox 406 3973 431 4038; x_wconf 78' lang='lat'>*)</span> <span class='ocrx_word' id='word_1_247' title='bbox 451 3972 588 4024; x_wconf 78' lang='lat' dir='ltr'>Incertam</span> <span class='ocrx_word' id='word_1_248' title='bbox 609 3987 666 4022; x_wconf 82' lang='lat' dir='ltr'>esse</span> <span class='ocrx_word' id='word_1_249' title='bbox 687 3971 768 4023; x_wconf 88' lang='lat' dir='ltr'>video</span> <span class='ocrx_word' id='word_1_250' title='bbox 787 3970 816 4022; x_wconf 90' lang='lat' dir='ltr'>in</span> <span class='ocrx_word' id='word_1_251' title='bbox 834 3969 900 4022; x_wconf 87' lang='lat' dir='ltr'>anni</span> <span class='ocrx_word' id='word_1_252' title='bbox 920 3987 942 4024; x_wconf 90' lang='lat' dir='ltr'>e.</span> <span class='ocrx_word' id='word_1_253' title='bbox 958 3976 1009 4023; x_wconf 70' lang='lat' dir='ltr'>tlt</span> <span class='ocrx_word' id='word_1_254' title='bbox 1033 3971 1145 4024; x_wconf 85' lang='lat' dir='ltr'>senatus</span> <span class='ocrx_word' id='word_1_255' title='bbox 1165 3971 1298 4024; x_wconf 73' lang='lat' dir='ltr'>‘consulto</span> <span class='ocrx_word' id='word_1_256' title='bbox 1318 3965 1431 4023; x_wconf 78' lang='lat' dir='ltr'>Or-Hem.</span> 
     </span>
     <span class='ocr_line' id='line_1_34' title="bbox 317 4052 1428 4128; baseline -0.004 -15"><span class='ocrx_word' id='word_1_257' title='bbox 317 4065 387 4113; x_wconf 71' lang='lat'>5382</span> <span class='ocrx_word' id='word_1_258' title='bbox 408 4061 499 4128; x_wconf 60' lang='lat' dir='ltr'>[Vll</span> <span class='ocrx_word' id='word_1_259' title='bbox 526 4078 551 4112; x_wconf 88' lang='lat' dir='ltr'>n.</span> <span class='ocrx_word' id='word_1_260' title='bbox 568 4060 632 4128; x_wconf 72' lang='lat'>911]</span> <span class='ocrx_word' id='word_1_261' title='bbox 657 4058 695 4125; x_wconf 89' lang='lat' dir='ltr'>ll,</span> <span class='ocrx_word' id='word_1_262' title='bbox 717 4065 749 4111; x_wconf 78' lang='lat'>14</span> <span class='ocrx_word' id='word_1_263' title='bbox 773 4058 892 4110; x_wconf 61' lang='lat' dir='ltr'>Fluunt</span> <span class='ocrx_word' id='word_1_264' title='bbox 919 4057 1095 4126; x_wconf 84' lang='lat' dir='ltr'>scripturam:</span> <span class='ocrx_word' id='word_1_265' title='bbox 1124 4057 1171 4111; x_wconf 89' lang='lat' dir='ltr'>ubi</span> <span class='ocrx_word' id='word_1_266' title='bbox 1195 4075 1251 4112; x_wconf 91' lang='lat' dir='ltr'>non</span> <span class='ocrx_word' id='word_1_267' title='bbox 1274 4057 1373 4110; x_wconf 78' lang='lat' dir='ltr'>minore</span> <span class='ocrx_word' id='word_1_268' title='bbox 1392 4052 1428 4102; x_wconf 65' lang='lat' dir='ltr'>im</span> 
     </span>
     <span class='ocr_line' id='line_1_35' title="bbox 317 4145 1429 4215; baseline -0.006 -13"><span class='ocrx_word' id='word_1_269' title='bbox 317 4151 400 4203; x_wconf 86' lang='lat' dir='ltr'>fuisse</span> <span class='ocrx_word' id='word_1_270' title='bbox 420 4149 553 4202; x_wconf 68' lang='lat' dir='ltr'>Fuluus</span> <span class='ocrx_word' id='word_1_271' title='bbox 575 4147 722 4215; x_wconf 82' lang='lat' dir='ltr'>suspicere,</span> <span class='ocrx_word' id='word_1_272' title='bbox 738 4179 770 4186; x_wconf 93' lang='lat'>—</span> <span class='ocrx_word' id='word_1_273' title='bbox 792 4147 919 4200; x_wconf 85' lang='lat' dir='ltr'>Ceterum</span> <span class='ocrx_word' id='word_1_274' title='bbox 939 4146 1081 4200; x_wconf 84' lang='lat' dir='ltr'>sciendum</span> <span class='ocrx_word' id='word_1_275' title='bbox 1100 4147 1143 4200; x_wconf 82' lang='lat' dir='ltr'>est</span> <span class='ocrx_word' id='word_1_276' title='bbox 1157 4145 1312 4200; x_wconf 86' lang='lat' dir='ltr'>certissimo</span> <span class='ocrx_word' id='word_1_277' title='bbox 1331 4161 1373 4198; x_wconf 84' lang='lat' dir='ltr'>nos</span> <span class='ocrx_word' id='word_1_278' title='bbox 1386 4155 1429 4190; x_wconf 52' lang='grc' dir='ltr'>(Μ’</span> 
     </span>
     <span class='ocr_line' id='line_1_36' title="bbox 317 4221 1428 4305; baseline -0.006 -15"><span class='ocrx_word' id='word_1_279' title='bbox 317 4239 380 4290; x_wconf 86' lang='lat' dir='ltr'>silio</span> <span class='ocrx_word' id='word_1_280' title='bbox 400 4238 427 4290; x_wconf 88' lang='lat' dir='ltr'>iu</span> <span class='ocrx_word' id='word_1_281' title='bbox 447 4239 487 4290; x_wconf 84' lang='lat' dir='ltr'>eis</span> <span class='ocrx_word' id='word_1_282' title='bbox 507 4239 557 4289; x_wconf 81' lang='lat' dir='ltr'>bus</span> <span class='ocrx_word' id='word_1_283' title='bbox 577 4236 781 4305; x_wconf 87' lang='lat' dir='ltr'>disputationes</span> <span class='ocrx_word' id='word_1_284' title='bbox 800 4235 889 4289; x_wconf 87' lang='lat' dir='ltr'>titulis</span> <span class='ocrx_word' id='word_1_285' title='bbox 909 4235 1051 4290; x_wconf 82' lang='lat' dir='ltr'>continere</span> <span class='ocrx_word' id='word_1_286' title='bbox 1076 4235 1124 4302; x_wconf 89' lang='lat' dir='ltr'>qui</span> <span class='ocrx_word' id='word_1_287' title='bbox 1145 4237 1250 4288; x_wconf 79' lang='lat' dir='ltr'>eertum</span> <span class='ocrx_word' id='word_1_288' title='bbox 1269 4233 1313 4288; x_wconf 75' lang='lat' dir='ltr'>sel</span> <span class='ocrx_word' id='word_1_289' title='bbox 1331 4230 1385 4286; x_wconf 83' lang='lat' dir='ltr'>anui</span> <span class='ocrx_word' id='word_1_290' title='bbox 1399 4221 1428 4274; x_wconf 64' lang='lat' dir='ltr'>rel</span> 
     </span>
     <span class='ocr_line' id='line_1_37' title="bbox 318 4315 1428 4392; baseline -0.003 -13"><span class='ocrx_word' id='word_1_291' title='bbox 318 4327 417 4379; x_wconf 87' lang='lat' dir='ltr'>saltem</span> <span class='ocrx_word' id='word_1_292' title='bbox 437 4327 537 4379; x_wconf 78' lang='lat' dir='ltr'>aetatis</span> <span class='ocrx_word' id='word_1_293' title='bbox 555 4328 651 4379; x_wconf 86' lang='lat' dir='ltr'>notam</span> <span class='ocrx_word' id='word_1_294' title='bbox 670 4325 787 4378; x_wconf 87' lang='lat' dir='ltr'>habent:</span> <span class='ocrx_word' id='word_1_295' title='bbox 813 4324 860 4392; x_wconf 86' lang='lat' dir='ltr'>qui</span> <span class='ocrx_word' id='word_1_296' title='bbox 879 4327 947 4377; x_wconf 84' lang='lat' dir='ltr'>fines</span> <span class='ocrx_word' id='word_1_297' title='bbox 966 4323 1033 4391; x_wconf 86' lang='lat' dir='ltr'>nisi,</span> <span class='ocrx_word' id='word_1_298' title='bbox 1053 4325 1084 4376; x_wconf 92' lang='lat' dir='ltr'>ut</span> <span class='ocrx_word' id='word_1_299' title='bbox 1101 4323 1185 4377; x_wconf 87' lang='lat' dir='ltr'>hodie</span> <span class='ocrx_word' id='word_1_300' title='bbox 1204 4339 1247 4377; x_wconf 85' lang='lat' dir='ltr'>rea</span> <span class='ocrx_word' id='word_1_301' title='bbox 1266 4325 1320 4388; x_wconf 82' lang='lat' dir='ltr'>eat,</span> <span class='ocrx_word' id='word_1_302' title='bbox 1338 4315 1428 4390; x_wconf 64' lang='lat' dir='ltr'>perfiffl·</span> 
     </span>
     <span class='ocr_line' id='line_1_38' title="bbox 318 4411 1478 4484; baseline -0.01 -18"><span class='ocrx_word' id='word_1_303' title='bbox 318 4415 376 4468; x_wconf 83' lang='lat' dir='ltr'>eius</span> <span class='ocrx_word' id='word_1_304' title='bbox 395 4416 583 4484; x_wconf 83' lang='lat' dir='ltr'>observantur,</span> <span class='ocrx_word' id='word_1_305' title='bbox 603 4415 754 4469; x_wconf 85' lang='lat' dir='ltr'>verendum</span> <span class='ocrx_word' id='word_1_306' title='bbox 773 4414 884 4468; x_wconf 89' lang='lat' dir='ltr'>videtur</span> <span class='ocrx_word' id='word_1_307' title='bbox 903 4431 938 4468; x_wconf 88' lang='lat' dir='ltr'>ne</span> <span class='ocrx_word' id='word_1_308' title='bbox 957 4413 1051 4467; x_wconf 86' lang='lat' dir='ltr'>omnia</span> <span class='ocrx_word' id='word_1_309' title='bbox 1071 4429 1172 4481; x_wconf 86' lang='lat' dir='ltr'>susque</span> <span class='ocrx_word' id='word_1_310' title='bbox 1192 4413 1282 4480; x_wconf 86' lang='lat' dir='ltr'>deque</span> <span class='ocrx_word' id='word_1_311' title='bbox 1298 4411 1426 4463; x_wconf 55' lang='lat' dir='ltr'>habrum.</span> <span class='ocrx_word' id='word_1_312' title='bbox 1477 4471 1478 4474; x_wconf 8' lang='grc' dir='ltr'><strong>Ἴ</strong></span> 
     </span>
     <span class='ocr_line' id='line_1_39' title="bbox 318 4503 1124 4573; baseline -0.001 -15"><span class='ocrx_word' id='word_1_313' title='bbox 318 4507 394 4558; x_wconf 81' lang='lat' dir='ltr'>certa</span> <span class='ocrx_word' id='word_1_314' title='bbox 413 4507 505 4559; x_wconf 85' lang='lat' dir='ltr'>auteur</span> <span class='ocrx_word' id='word_1_315' title='bbox 526 4510 555 4560; x_wconf 88' lang='lat' dir='ltr'>et</span> <span class='ocrx_word' id='word_1_316' title='bbox 573 4506 705 4558; x_wconf 75' lang='lat' dir='ltr'>distincta</span> <span class='ocrx_word' id='word_1_317' title='bbox 723 4503 839 4557; x_wconf 83' lang='lat' dir='ltr'>scientio</span> <span class='ocrx_word' id='word_1_318' title='bbox 857 4521 969 4573; x_wconf 87' lang='lat' dir='ltr'>prorsus</span> <span class='ocrx_word' id='word_1_319' title='bbox 988 4503 1124 4557; x_wconf 87' lang='lat' dir='ltr'>eludatur.</span> 
     </span>
    </p>
   </div>
   <div class='ocr_carea' id='block_1_5' title="bbox 0 0 1496 5120">
    <p class='ocr_par' dir='ltr' id='par_1_7' title="bbox 0 0 1496 5120">
     <span class='ocr_line' id='line_1_40' title="bbox 0 0 1496 5120; baseline 0 0"><span class='ocrx_word' id='word_1_320' title='bbox 0 0 1496 5120; x_wconf 95' lang='lat' dir='ltr'> </span> 
     </span>
    </p>
   </div>
  </div>
 </body>
</html>
